2372 4116
194 297 241 312 ,ἢ
512 219 640 292 LIBER
660 219 696 282 V.
1031 213 1091 286 269

72 373 76 381 ’
109 381 175 445 loca
186 383 306 454 suntin
320 377 424 462 quibus
438 381 520 442 liant
560 383 624 446 Hos
633 401 735 442 omnes
746 381 975 464 Deos‚publicos
986 380 1082 462 priva-

109 465 224 539 tosque,
237 460 532 538 Quiritcsqueserturi
547 461 642 520 estis?
662 461 759 536 Qudrn
789 472 929 525 arrestru
939 484 959 520 n
972 462 1085 522 factum

78 551 81 558 '
110 547 166 610 est,
179 541 257 618 quod
267 540 301 601 in
315 537 464 599 obsidione
476 540 608 630 nuperin
617 541 734 620 egregio
744 483 933 606 arlolescente
941 541 977 600 C.
989 540 1100 612 sabia

109 635 170 678 non
186 619 294 680 minore·
307 617 433 682 hostium
447 617 652 690 admiratione,
665 618 754 699 quarn
768 624 878 689 vestri,
891 625 1086 702 conspectum

110 701 176 765 est;
194 717 283 775 quum
296 697 374 757 inter
384 694 501 755 Gallica
512 696 571 756 tela
586 697 743 788 degressus
756 717 793 759 es
807 717 875 770 arce
890 697 1011 762 solenne
1030 698 1086 758 Fa·

78 811 82 820 a
108 773 166 836 biae
180 775 318 856 gentis'ib
333 773 409 833 colle
420 772 564 847 Quirinali
579 776 670 848 obiit?
691 778 740 838 An
753 775 900 858 gentilitia
913 795 996 836 sacra
1006 795 1044 836 ne
1052 775 1085 837 in

107 854 186 914 bello
202 853 322 931 quidem
342 851 510 926 intermitti,
533 855 649 930 publica
672 873 756 916 sacra
774 859 806 915 et
827 853 976 914 Romanos
1004 855 1085 914 Deos

109 930 199 993 etiarn
213 935 327 1012 inpace
339 929 568 1010 deseriplacet?
587 934 778 1012 etpontiiices
789 931 982 1024 flanrinesque
993 931 1086 1024 negli-

129 1007 258 1070 entiores
271 1009 452 1102 publicarum
466 1009 640 1100 religionum
653 1032 728 1082 esse,
748 1011 838 1098 quim
852 1018 984 1092 privatus
997 1029 1029 1068 ιιι
1043 1029 1089 1070 su-

108 1030 191 1148 lendi
204 1089 301 1168 gentis
314 1087 429 1148 fuerit?
449 1087 584 1148 Forsitan
598 1090 707 1170 aliquis
720 1091 809 1160 dicat,
822 1095 878 1150 aut
889 1087 970 1168 Vejis
984 1107 1020 1148 ea
1033 1106 1088 1148 nos
1126 1138 1128 1143 .

86 1166 247 1242 (facturos,
272 1173 327 1228 aut
351 1166 407 1226 buc
431 1163 501 1228 inde
530 1167 669 1230 missuros
690 1169 859 1230 sacerdotes
886 1173 1012 1237 nostros,
1039 1165 1094 1246 qui

107 1243 232 1304 iaciant:
253 1265 378 1325 quorum
394 1249 531 1324 neutrum
545 1243 609 1306 deri
625 1249 716 1309 salvis·
729 1245 904 1308 ceremoniis
917 1251 1036 1327 potest;
1058 1249 1091 1305 et

99 1342 146 1384 ne
159 1322 256 1383 omnia
276 1323 439 1406 generatim
453 1341 537 1384 sacra
551 1326 705 1404 omnisque
725 1343 915 1402 percenseam
933 1327 1031 1384 Deos:
1052 1322 1088 1383 in

100 1396 187 1462 'Jovis
200 1401 288 1482 epdlo
302 1424 373 1462 nurn
394 1401 481 1483 alibi,⁴
492 1399 582 1476 qudm
596 1400 627 1458 in
641 1401 801 1481 Capitolio,
822 1400 957 1480 pulvinar
970 1399 1083 1483 suscipi

106 1483 223 1559 potest;
243 1476 321 1551 Quid
336 1479 374 1537 de
390 1475 510 1536 aeternis
524 1477 626 1540 Vestae
640 1477 756 1560 ignibus
769 1479 924 1560 signoque,
939 1478 1018 1558 quod
1031 1479 1086 1538 irn-

107 1555 181 1638 perii
215 1555 300 1636 ignus
322 1553 458 1618 custodit
472 1555 536 1635 ejus
549 1558 653 1636 templi
667 1561 793 1629 tenetur,
813 1557 942 1636 loquar?
962 1556 1034 1636 quid
1048 1555 1088 1618 de

107 1575 251 1695 ancilibus
264 1635 384 1706 vestris,
401 1633 484 1694 Mars
499 1633 638 1705 Gradive,
650 1641 743 1716 tuque
758 1635 878 1711 Quirine
893 1633 1000 1714 pater?
1021 1635 1089 1697 lraeo
1118 1667 1120 1669 ·

108 1711 206 1774 omnia
220 1713 250 1772 in
264 1713 386 1794 profano
400 1711 497 1772 deseri
511 1713 610 1792 placet
616 1715 713 1785 '‘sacra,
728 1715 848 1806 aequilia
861 1713 1090 1793 urbi-quaedam

107 1779 269 1852 detustiora
277 1792 396 1872 origene
404 1790 505 1850 urbis?
519 1793 557 1851 Et
568 1792 679 1863 videte,
690 1792 848 1872 quidrntcr
857 1811 954 1854 nosac
965 1794 1093 1871 majores

107 1867 245 1941 intersit3
271 1870 317 1930 illi
331 1889 414 1930 sacra
435 1869 574 1949 quaedam
588 1869 618 1930 in
640 1877 739 1932 monte
764 1873 881 1931 Albano
903 1869 1102 1950 Lavinioque

6 1971 7 1984 ι
107 1945 190 2008 nobis
201 1945 338 2010 facienda
350 1947 546 2009 tradiderunt.
577 1949 625 2009 An
639 1969 676 2010 ex
688 1949 815 2009 hostium
830 1949 948 2010 urbibus
962 1950 1103 2029 Romana*

108 2023 146 2086 ad
157 2045 210 2084 nos
224 2027 378 2088 transferri
393 2047 479 2088 saera
492 2027 660 2106 religiosum
674 2027 746 2088 suits
768 2027 836 2088 hinc
851 2027 914 2089 sine
928 2028 1045 2110 piaculo
1057 2028 1092 2091 in

107 2103 236 2164 hostium
246 2107 347 2166 urbem⁴
356 2105 446 2192 Vejos
456 2105 690 2167 transferemus?
703 2105 920 2177 Recordamini,
930 2107 1105 2186 agitedum‚‡

109 2183 225 2262 quoties
240 2204 324 2246 sacra
336 2185 547 2254 instaurentur,
561 2185 630 2264 quia
643 2185 755 2262 aliquid
770 2205 806 2245 ex
821 2183 914 2264 patrio
925 2182 984 2260 ritu
999 2187 1092 2267 negli-

6 2295 7 2338 ι
109 2261 210 2396 pientia
226 2281 334 2322 casuve
347 2264 580 2342 praetermissum
594 2270 649 2324 est.
690 2262 782 2322 Modb
797 2283 865 2342 quae
881 2284 938 2343 reS,
951 2271 1102 2346 postpro·¹

6 2339 8 2366 ³
132 2337 221 2417 igium
238 2341 347 2408 Albani
360 2341 455 2407 lacus,
469 2341 526 2402 nisi
540 2342 716 2478 instzpratio
725 2361 874 2418 sacrorum
883 2343 1094 2421 auspiciorum·

109 2435 168 2496 que
179 2417 343 2490 renovatio,
354 2415 470 2482 allectae
481 2419 601 2500 Vejenti
617 2419 687 2480 'ello
698 2419 867 2498 reipublicae
878 2417 1102 2558 felgdffifulil.

109 2497 154 2554 At
168 2495 268 2566 etiam,
280 2501 423 2578 tanquam
436 2503 570 2558 veterum
594 2497 768 2575 religionum
790 2519 917 2578 memore
934 2543 942 2569 ‚
963 2504 994 2558 et
1007 2517 1092 2578 pere·

16 2578 18 2593 '
108 2569 209 2652 grinos
228 2575 304 2634 Deos
316 2575 521 2638 transtulimus
534 2572 669 2648 Romam,
682 2583 713 2638 et
726 2577 907 2640 instituimus
921 2596 1021 2637 novos.
1040 2579 1060 2643 J
1061 2597 1093 2640 u-

110 2670 149 2710 uo
162 2652 276 2732 regina,
299 2657 469 2722 transvecta
484 2655 501 2713 d
516 2655 607 2734 Vejis,
627 2677 721 2736 nuper
734 2656 764 2716 in
779 2658 929 2716 Aventino
942 2655 1032 2734 quim
1046 2659 1101 2726 in·‚

111 2728 188 2806 signi
202 2731 238 2787 ob
252 2733 401 2809 excellens
417 2737 615 2814 matronarum
627 2735 760 2794 studium
772 2734 938 2813 celebrique
952 2733 1091 2798 dedicata

11 2807 16 2818 “
111 2810 158 2866 est
168 2805 241 2866 die?
262 2807 320 2886 Ajo
342 2809 468 2870 Locutio
491 2811 646 2891 ternplum,
670 2816 793 2891 propter
813 2813 967 2872 coelestem
988 2831 1092 2876 vocem
1172 2839 1179 2860 ι

98 2883 280 2946 ‘exauditam
295 2885 325 2946 in
337 2886 424 2947 Nova
435 2887 485 2948 via
493 2889 636 2968 jussimus
650 2889 733 2949 lieri:
755 2888 938 2968 Capitolinos
950 2889 1035 2950 ludos
1044 2911 1090 2952 so·

109 2957 245 3024 lennibus
257 2963 323 3024 aliis
336 2965 505 3028 addidimus
518 2988 527 3039 ;
557 2967 773 3046 collegiumque
787 2967 823 3027 ad
844 2969 874 3028 id
886 2987 1006 3038 novum,
1022 2989 1091 3031 auc·

6 3035 8 3098 l
108 3045 301 3118 tore'senatu,
315 3044 511 3106 condidimus.
551 3045 629 3119 Quid
642 3043 744 3108 borum
759 3065 833 3124 opus
856 3047 912 3107 luit
932 3045 1051 3128 suscipi,
1064 3049 1092 3112 si

7 3123 8 3130 ³
109 3117 171 3178 una
185 3137 252 3180 cum
267 3117 365 3182 Gallis
376 3124 476 3183 urbem
499 3123 662 3186 Romanam
681 3123 815 3198 relicturi
829 3123 961 3188 fuimus?
991 3126 1091 3200 sinon

108 3196 265 3289 voluntate
276 3199 482 3292 mansimusin
494 3201 642 3293 Capitolio
653 3207 763 3322 pertot
777 3201 1101 3296 mensesobsidionisl.

13 3310 17 3321 ι
109 3293 134 3334 sr
144 3277 180 3334 ab
191 3273 321 3338 hostrbus
335 3284 414 3349 metu
427 3283 536 3341 retenta
548 3301 662 3341 sumus.
689 3281 734 3341 De
745 3300 837 3344 sacris
851 3283 1037 3362 loqurnruret
1049 3281 1088 3345 de

109 3353 244 3432 templis:
265 3355 337 3434 quid
351 3357 524 3434 tandemdc
538 3359 762 3420 sacerdotibus?
782 3359 891 3430 Nonne
905 3361 936 3420 in
958 3365 1089 3424 mentem
1108 3429 1110 3434 ,

108 3431 200 3506 venit,
211 3442 353 3570 auanturn
369 3435 477 3513 pisculi
490 3437 711 3498 committatur?
732 3437 901 3516 Vestalibus
912 3457 1018 3514 nempe
1028 3459 1089 3507 una
1145 3481 1147 3486 -

106 3505 160 3566 illa
179 3527 210 3570 se
233 3519 334 3588 esest,
348 3533 385 3575 ex
401 3535 460 3596 qua
476 3535 526 3584 eas
548 3514 620 3576 nihil
642 3535 780 3596 unquam,
800 3521 1000 3598 praeterquam
1018 3519 1088 3578 urbs

12 3614 15 3629 =
108 3591 205 3664 capta,
218 3593 314 3652 movit.
355 3593 485 3656 Flamini
501 3589 581 3655 Diali
593 3599 710 3664 nostem
723 3614 812 3654 unam
822 3615 941 3662 manere
950 3599 1033 3655 extra
1041 3615 1088 3656 ur·

106 3662 172 3724 bem
183 3661 269 3730 nefas
282 3675 336 3732 est
354 3669 442 3807 Ylips
456 3671 600 3754 Vejentes
612 3691 666 3754 pro
676 3671 817 3734 Romanis
833 3673 945 3736 tacturi
960 3669 1093 3736 estissa«
1114 3760 1118 3768 .
