2388 4120
35 111 46 140 Ι

115 185 172 244 174
501 171 548 258 ,n
569 177 683 240 mvn.

107 336 203 396 lorum
217 336 448 408 contineseerent
468 335 599 396 actiones
619 335 798 408 tribuniciae3
816 335 952 398 delectus
972 333 1091 404 haberi,

111 415 220 476 bellum
235 433 371 550 ermaqpe
385 407 544 476 vi'summb
552 414 687 494 apparari
695 415 800 494 jubent
808 427 820 486 ';
831 415 857 475 si
870 415 1093 495 quointentids

109 494 311 574 possitquam
355 489 516 574 .Quinctio
533 492 653 554 consule
674 498 843 574 apparatum
866 495 915 554 sit.
954 495 1034 551 Tum
1049 493 1092 552 C.

111 570 269 632 Canuleius
283 589 377 649 pauca
401 569 431 630 iu
446 576 532 630 sentu
547 567 736 643 vociferatus,
754 576 773 608 “
785 571 982 651 nequicquam
1000 570 1093 630 terri-

107 648 198 710 tando
206 648 342 708 consules
352 653 485 709 avertere
494 647 609 728 plebem
621 648 638 708 d
649 669 719 709 eura
730 669 869 711 novarum
882 651 998 732 legum5
1009 667 1092 708 nun·

106 745 195 806 quam
217 745 267 786 eus
279 745 311 784 se
325 725 392 786 vieo
413 726 561 787 delectum
583 725 753 799 habituros;
773 733 930 808 antequam
949 748 996 798 ea,
1014 745 1088 805 quse

105 804 291 886 promuluata
304 805 340 864 ab
363 816 396 864 se
409 805 589 885 collegisque
613 811 723 878 essent,
743 807 842 886 plebes
862 805 1035 893 seireff?
1052 811 1091 884 et

106 875 265 944 confestim
278 881 317 942 ad
331 883 518 945 conscionem
531 883 695 944 aduocauit.
874 881 926 946 <H
936 906 976 944 ee
995 908 1033 940 rr
1048 885 1055 911 ²

148 959 189 1020 ll.
209 959 322 1025 Eodem
335 965 467 1040 ternpore
480 967 512 1022 et
532 962 669 1022 consules
688 968 823 1024 senatum
835 963 867 1024 in
881 963 1040 1033 tribunum,
1053 967 1091 1023 st

107 1037 243 1098 tribunus
255 1039 394 1120 poptilnm
407 1039 437 1100 in
452 1035 588 1104 consules
602 1039 750 1103 incitabat
771 1041 1091 1121 Negabantconsules,

108 1125 127 1152 ‘³
133 1119 196 1196 jam
210 1116 289 1178 ultrei
302 1116 370 1178 ferri
386 1137 471 1208 posse
494 1119 607 1178 furores
627 1119 817 1197 tribunicios5
839 1126 960 1180 ventum
970 1123 1033 1200 jam
1047 1118 1089 1178 ad

104 1196 298 1264 inemesse3
319 1195 396 1252 domu
433 1195 559 1270 lusbelli
573 1195 723 1264 concitari,
736 1196 825 1273 quam
839 1197 921 1256 foris.
961 1195 1092 1270 ldaded
1185 1201 1186 1276 t

107 1293 167 1334 non
182 1273 283 1352 plebis,
299 1270 388 1350 quaim
411 1214 553 1342 i'atrnm
573 1288 669 1348 neque
687 1272 983 1354 tribunorummagis,
995 1274 1092 1352 quam

108 1348 531 1430 consulum,rulpaacciuere;
551 1350 635 1428 cujus
647 1349 689 1410 rei
700 1349 901 1428 puaemiumsit
912 1351 942 1410 in
953 1351 1092 1427 ciuitate,

109 1449 176 1491 earn
187 1427 320 1488 maximis
334 1445 451 1508 semper
463 1427 595 1486 auctibus
610 1445 760 1492 crescere:
782 1427 825 1488 sic
835 1447 910 1504 pace
924 1431 1024 1501 bonos,
1041 1431 1089 1490 sic
1185 1487 1186 1506 ,

100 1507 188 1583 Α1)(ε110
201 1505 274 1567 lieri.
316 1505 605 1566 Maximum'llomae'
624 1504 779 1585 proemium
800 1505 980 1566 seditionum
999 1527 1089 1568 esse:
1185 1519 1186 1532 ¹

109 1586 142 1649 td
157 1583 323 1666 et'singulis
336 1583 538 1662 universisque
548 1603 663 1665 semper
675 1582 890 1648 honori-fuisse.
941 1585 1091 1646 Reminis·

109 1668 259 1732 cenentur,
268 1678 357 1742 quam
371 1664 554 1742 majestatem
576 1667 698 1724 senatus
708 1661 767 1741 ipsi
779 1663 938 1740 uipatribus
958 1663 1088 1743 accepis·

110 1749 188 1811 sent,
198 1761 286 1820 quam
296 1741 395 1808 liberis
403 1737 542 1808 tradituri
553 1745 673 1812 ossent;
691 1746 726 1800 ut
736 1741 996 1821 (quemadmodum
1005 1743 1087 1820 plebs
1178 1773 1186 1790 κ

109 1819 229 1900 'gloriari
240 1821 356 1912 posset)
368 1817 529 1880 auctiorem
544 1819 772 1900 amplioremque
787 1839 862 1894 esse.
895 1819 998 1879 Finem
1016 1839 1086 1900 ergo

112 1897 326 1966 montetenso
347 1897 486 1968 futuram,
499 1897 603 1968 donec,
625 1899 714 1976 quam
730 1897 831 1958 felices
845 1897 1015 1967 seditiones,
1027 1904 1089 1956 tam
1185 1919 1186 1960 3

109 1974 247 2034 honornri
255 1975 432 2038 seditionum
445 1981 580 2038 auctores
591 1983 699 2038 essent.
712 1977 791 2050 Quas
800 1981 984 2056 quantasque
993 1995 1041 2034 res
1053 1975 1090 2035 0.
1185 1979 1186 1990 ¹

111 2051 288 2114 Canuleium
301 2073 470 2134 aggressum
480 2053 494 2110 ἓ
503 2109 506 2116 ,
516 2053 712 2134 collqgjppem
722 2053 864 2133 gentium,
873 2053 1089 2148 perturbation-

113 2149 161 2192 em
172 2131 368 2214 auspiciorum
388 2129 570 2211 publicorum
584 2127 822 2210 privatorumque
836 2133 949 2202 allerre,
962 2131 1088 2210 nequid
1185 2155 1186 2206 j

109 2209 277 2280 sincerius
288 2209 360 2288 quid
372 2199 597 2290 incpqtarninati
608 2209 666 2270 sit:
681 2215 730 2279 ut,
743 2207 914 2270 discrimine
927 2209 1007 2270 enini
1022 2212 1089 2270 sub-
1185 2219 1186 2276 l

110 2287 183 2358 lato,
195 2307 251 2350 nec
263 2309 294 2348 se
308 2273 472 2368 quisquam,
481 2308 537 2348 nec
552 2284 620 2349 suos
632 2289 757 2349 nouerit.
796 2287 984 2364 Qunmenim
999 2287 1087 2351 aliam
1131 2351 1133 2360 ,

111 2365 174 2428 vim
187 2367 332 2429 connubia
345 2367 511 2450 promiscua
530 2366 646 2437 habere,
658 2367 717 2428 nisi
729 2373 764 2428 ut
776 2365 903 2431 ferarum
925 2383 1021 2446 prope¹
1029 2366 1087 2428 ritu
1185 2401 1186 2444 3

104 2445 271 2525 'vulgentur
291 2445 464 2507 concubitus
482 2445 580 2528 plebis
591 2439 795 2526 Patremque?
815 2451 857 2516 ut,
874 2446 924 2524 qui
939 2451 1026 2505 natus
1040 2445 1088 2514 sit,
1185 2453 1186 2518 l

110 2523 237 2604 ignoret,
250 2525 334 2603 cujius
347 2523 508 2614 sanguinis,
521 2543 646 2614 quorum
658 2543 805 2584 saeuorum
815 2523 871 2593 sit3
884 2523 1023 2582 dimidius
1034 2523 1099 2586 Pa,
1185 2525 1186 2596 l

113 2607 194 2662 trum
225 2599 273 2669 sit,
304 2600 443 2676 dimidius
464 2600 568 2680 plebis,
598 2621 636 2662 ne
664 2619 763 2663 secum
794 2599 914 2679 quidem
939 2601 1003 2680 ipse
1018 2619 1086 2660 con·

109 2697 191 2738 cors,
258 2679 366 2738 Parnm
399 2677 430 2738 id
464 2677 569 2755 uideri,
601 2679 680 2759 qubd
708 2678 806 2739 omnia
835 2677 933 2738 divina
965 2679 1087 2739 huina'n'·
1185 2725 1186 2730 1

111 2774 191 2838 aque
224 2759 399 2821 turbentur:
437 2758 500 2837 jam
525 2758 566 2818 ad
592 2757 779 2828 consulatum
810 2755 892 2836 vulgi
924 2759 1086 2818 turbatores

113 2834 230 2918 accingi
243 2859 250 2908 ;
271 2841 303 2899 et
314 2833 419 2918 primo,
438 2841 473 2896 nt
485 2835 562 2896 alter
577 2837 680 2898 consul
689 2840 731 2897 'ex
753 2836 836 2916 plebe
849 2837 943 2907 tieret,
956 2835 985 2896 id
1001 2833 1086 2897 modo

7 2983 8 2988 γ
115 2916 298 2978 sermonibus
311 2919 461 2990 tenttsset
481 2933 561 2977 nunc
577 2915 681 2996 rogari,
700 2920 742 2986 ut,
755 2933 808 2976 seu
822 2921 860 2976 ex
874 2915 1021 2985 Patribus,
1037 2933 1086 2975 sen

7 3007 9 3082 ζ
112 2996 154 3054 ’ex
166 2995 250 3072 plebe
260 2993 343 3064 uelit,
353 2993 478 3086 populus
489 2993 628 3054 consules
638 2997 784 3054 creetz‘et
792 2999 942 3054 creaturos
952 2993 1088 3056 hauddu-

114 3071 162 3130 bie
182 3091 218 3132 ex
232 3071 317 3150 plene
341 3071 595 3136 seditiosissimum
636 3091 772 3165 nemque.
822 3071 981 3135 Canuleios
999 3069 1087 3160 igitur
1185 3079 1186 3082 ’

7 3173 9 3198 r
115 3147 276 3225 Iciliosque
296 3151 433 3210 consules
447 3133 509 3210 iore
521 3159 588 3223 ;‘ne
601 3091 636 3210 id
654 3151 770 3231 Jupiter
792 3149 921 3226 optimus
943 3168 1085 3208 maxumus

116 3225 238 3295 sineret,
254 3225 344 3307 regiae
358 3225 521 3299 majestatis
542 3226 697 3303 imperium
707 3228 746 3289 'eb
760 3229 892 3290 recidere
904 3250 911 3297 ;
933 3231 965 3285 et
977 3245 1009 3284 se
1022 3225 1085 3285 mil·
1183 3287 1184 3290 ,

115 3305 172 3366 lies
186 3302 340 3363 morituros
351 3301 459 3380 potiris,
468 3299 558 3380 quem
571 3299 605 3364 ur
617 3307 734 3365 tantum
745 3305 898 3367 dedecoris
911 3301 1028 3362 admitti
1038 3323 1086 3384 pa·
1144 3351 1159 3375 ,2

116 3381 252 3450 tiautur„
284 3381 406 3444 Certum
427 3377 544 3449 hebere,
559 3378 684 3456 majores
705 3393 764 3462 qno
786 3404 834 3457 ue,
855 3383 880 3442 si
893 3381 1086 3454 divinissent,
1157 3396 1159 3400 '

118 3459 310 3528 concedendo
323 3459 420 3521 omnia
432 3477 492 3536 non
502 3455 648 3518 mitiorem
660 3457 692 3520 in
705 3479 737 3520 se
750 3403 874 3540 piebem,
894 3459 949 3520 sed
962 3459 1086 3541 asperio-

119 3557 182 3598 rem
192 3537 249 3598 alia
260 3559 297 3598 ex
307 3538 372 3598 aliis
383 3537 527 3616 iniquiora
537 3537 723 3616 postulando,
732 3557 822 3617 quum
832 3538 1085 3622 primaimpetrts·

120 3619 174 3687 set,
187 3613 325 3688 futuram,
337 3615 431 3698 primo
441 3615 603 3696 quamlibet
615 3615 834 3706 dimicationem
844 3615 990 3688 subituros
997 3615 1084 3692 bisse

270 3783 410 3864 &mh
436 3799 464 3816 Α
568 3822 571 3830 ,

349 3896 358 3923 r'
