2372 4116
1 103 5 260 ᾗ
90 157 150 217 roo
401 251 405 260 Δ
479 149 523 232 r.
542 143 656 214 mvn.
693 201 697 213 .

88 311 253 392 aliquarum
266 303 382 374 narium
395 327 573 371 concursum
583 309 614 370 in
625 311 721 389 majus
741 307 790 388 (ut
803 305 849 389 fit)
872 307 1093 378 celebrantes,

88 389 202 454 navalis
213 391 341 452 victoriae
356 409 465 450 vanum
478 387 601 450 titulum
614 389 792 468 appetivere.
1090 441 1092 446 .

129 467 250 530 XXXV.
269 470 435 548 insequens
449 484 545 527 annus
558 465 690 530 trrbunos
699 467 841 530 militares
854 463 1004 528 consulari
1019 483 1093 545 pos

1 601 2 605 ,
87 551 195 608 testate
215 547 327 618 babuit,
346 551 384 608 A.
408 546 615 626 Sempronium
640 546 819 616 Atratinum,
842 543 1082 628 L3Qincbum

88 623 310 697 Cincinnatum,
327 625 363 686 L.
376 625 498 686 Furium
512 623 723 695 Medullinum,
737 625 774 686 Ia
788 624 945 686 Horatium
960 623 1087 682 Barba<

86 709 158 764 tum.
198 703 374 785 VeJ'entibus
388 723 529 764 annorum
544 703 649 783 rigi-nti
662 703 793 764 induoiae
808 704 898 772 datae,
911 709 943 764 et
957 698 1091 782 AEquis.

84 779 206 852 trienni,
218 802 311 862 quum
332 783 458 864 plurium
483 799 627 842 annorum
650 787 808 862 petissent.
846 783 888 842 Et
900 782 937 842 ab
950 778 1088 840 seditio-²

85 858 172 918 nibus
186 862 305 923 urbanis
320 861 411 922 otium
427 862 490 920 luit.
531 863 651 920 Annum
667 862 885 942 insequentem,
897 878 995 936 neque
1008 857 1082 917 bel·

85 937 117 996 lo
128 936 241 1008 lorino
283 961 320 1001 ue
330 941 410 1000 domi
423 939 568 1000 seditione
582 939 738 1020 insignem,
753 940 813 1000 ludi
828 940 907 999 bello
918 937 979 996 voti
992 935 1082 996 cele*

85 1015 178 1086 brem,
190 1025 223 1078 et
234 961 420 1080 terlilrrrnorum
433 1017 558 1078 militum
572 1027 726 1098 apparatu,
743 1025 776 1079 et
793 1017 987 1085 finitimorum
1002 1033 1084 1074 con·

84 1112 186 1164 cursu,
200 1093 307 1160 secere.
346 1097 472 1157 Tribuni
487 1095 635 1158 consulari
649 1101 797 1176 potestate
810 1102 897 1158 erant
909 1097 971 1174 Ap
981 1093 1086 1154 Clau*

84 1169 153 1230 dius
165 1171 302 1245 Crassus,
316 1176 366 1255 Sp.
379 1176 511 1236 Nautius
523 1173 652 1244 Rutilus,
667 1176 702 1234 L.
715 1174 834 1252 Sergius
850 1173 994 1250 Fidenas,
1002 1173 1084 1250 Sex.
1140 1218 1146 1224 .

81 1249 181 1309 Julius
208 1251 310 1325 iulus;
340 1253 546 1333 spectaculum
571 1252 708 1330 comitate
728 1253 817 1312 etiam
840 1251 895 1310 hos
918 1251 1007 1321 tum,
1033 1249 1083 1308 ad⁴

81 1326 163 1405 quod
178 1329 298 1407 publico
309 1349 455 1392 consensu
470 1321 755 1400 venemntsadvenis
816 1328 874 1390 tius
900 1329 952 1388 uit.
994 1327 1079 1388 Post

79 1403 170 1464 ludos
183 1408 345 1470 conciones
358 1410 509 1472 seditiosae
523 1410 704 1472 tribunorum
718 1407 768 1488 ple
787 1407 812 1468 is
824 1405 956 1476 fuerunt,
969 1406 1078 1485 objur-

76 1483 215 1562 gantium
242 1487 473 1574 multitudinem,
500 1487 624 1566 “qudd,
643 1486 839 1548 admiratione
859 1503 971 1555 eorum,
993 1503 1081 1562 quos·

77 1559 203 1634 odisset,
217 1551 351 1642 siuperis,
364 1567 396 1626 in
421 1573 535 1626 eterno
548 1583 582 1624 se
594 1563 658 1644 ipsa
671 1571 788 1630 teneret
802 1564 943 1632 servitio;
965 1568 998 1624 et
1010 1581 1087 1622 nou.

75 1637 168 1698 modb
184 1641 224 1700 ad
239 1644 325 1720 spa'm
335 1645 510 1704 consulatus
522 1643 553 1702 in
568 1642 899 1722 partem'revoeandam
917 1639 1084 1720 adspirare»

73 1733 135 1776 uon
149 1715 286 1787 auderet,
300 1721 358 1780 sed
377 1742 415 1782 ne
435 1721 469 1780 in
490 1719 617 1781 tribunis
636 1719 758 1798 quidem
779 1721 910 1786 rnilitum
932 1719 1084 1782 creandis,

72 1793 158 1870 (quae
174 1797 347 1859 eommunia
369 1805 472 1860 esseut
485 1798 604 1858 comitia
623 1799 748 1864 Petrum
769 1817 805 1860 ao
826 1797 936 1878 plebis)
959 1803 1014 1858 aut
1028 1799 1075 1860 sui

70 1877 124 1928 aut
138 1891 260 1932 suorum
276 1877 471 1938 meminisset.
510 1875 672 1936 Desineret
692 1896 767 1966 ergo·
781 1876 892 1946 mirari,
905 1898 961 1940 eur
985 1895 1075 1938 nemo

70 1945 110 2005 de
124 1950 293 2034 commodis
307 1953 403 2030 plebis
417 1961 520 2034 ageret
528 1975 537 2024 ς
558 1953 736 2032 ebimpendr
756 1951 939 2018 laboremne
955 1956 1077 2034 perien-

68 2021 143 2094 lum‚
155 2024 237 2086 unde
251 2029 487 2092 emolumentum
509 2037 599 2108 atque
614 2029 706 2090 honos
721 2038 867 2108 speretur.
897 2027 998 2094 ‘Nihil
1013 2051 1074 2095 nou

66 2115 262 2179 aggressuros
290 2103 439 2177 homines,
469 2109 543 2168 sim
603 2125 626 2166 a
656 2107 772 2168 conatis
802 2127 914 2170 marna
947 2113 1075 2192 praemia

63 2185 282 2255 proponantur.
338 2183 383 2242 Ut
406 2183 529 2264 quidem
544 2127 664 2266 ⁸&inquis
700 2186 839 2248 tribunus
852 2161 970 2327 e’plebis
1006 2193 1076 2252 ruat
1182 2233 1183 2247 .

63 2269 166 2314 eaecus
186 2256 218 2316 in
234 2260 405 2322 certamina
423 2263 559 2342 periculo
575 2265 606 2324 in
647 2263 702 2335 nti,
715 2263 815 2326 iruetu
830 2287 871 2328 nu
886 2269 936 2340 lo;
957 2289 996 2330 ex
1008 2267 1076 2348 qui·

61 2327 117 2416 lius
130 2351 186 2420 pro
205 2343 294 2422 oerto
308 2337 427 2409 habeat.
441 2341 561 2411 Patres,
620 2361 723 2404 uersus
737 2363 815 2422 quos
829 2347 981 2417 tenderet,
993 2348 1076 2408 bello
1180 2383 1181 2397 .

59 2410 237 2498 mepprabrlr
252 2431 286 2474 se
298 2424 535 2492 persecuturus;
555 2419 635 2497 apud
658 2421 787 2498 plebem,¹
805 2443 860 2502 pro
873 2443 935 2502 qua
948 2425 1073 2486 dimica·
1179 2469 1180 2473 =

58 2491 146 2552 reru,
159 2485 256 2544 mlrrlo
282 2508 318 2548 se
343 2491 574 2555 honorationem
596 2496 669 2562 fore,
688 2517 787 2583 neque
809 2501 1074 2576 spernendumne·
1178 2533 1179 2549 r

78 2575 114 2616 ue
137 2563 361 2635 postulandum
374 2587 453 2629 esse.
495 2569 622 2647 Magnos
645 2587 761 2631 ammos
775 2576 892 2652 magnis
908 2575 1074 2638 honoribus»

92 2651 144 2719 re;
166 2635 324 2698 neminem
350 2660 385 2702 se
406 2645 557 2723 plebeium
571 2651 823 2726 contempturum,
836 2652 889 2710 ubi
914 2653 1070 2716 contemni
1176 2685 1177 2692 ¹

52 2705 216 2798 desissent.
258 2713 492 2794 Experieudsm
515 2739 579 2780 rem
602 2721 734 2801 denique
757 2725 794 2789 iu
812 2747 874 2788 uno
894 2737 951 2792 out
974 2733 1071 2800 altero
1175 2767 1176 2775 ¹

45 2799 124 2850 esse.
138 2795 221 2879 sitne
236 2792 351 2884 aliquis
367 2797 504 2875 plebeius
519 2797 644 2862 ferendo
670 2821 777 2883 magno
800 2805 927 2881 honori3
950 2831 990 2870 an
1001 2831 1063 2892 por·
1172 2823 1175 2851 ¹

42 2861 139 2918 tento
148 2867 256 2928 sumto
268 2873 478 2952 miraculoque
493 2875 545 2949 sit,
557 2877 667 2938 fortem
680 2900 716 2942 ac
730 2889 893 2946 strenuum
903 2888 1005 2954 virum
1016 2891 1067 2954 ali·
1164 2915 1166 2924 ’

46 2951 139 3008 quem
151 2940 308 3033 ersistere
318 2955 426 3037 orturu-
435 2973 475 3012 ex
490 2955 586 3033 plebe.
626 2957 752 3020 Summa
761 2961 794 3021 vi
804 2972 1010 3046 expugnatum
1020 2989 1064 3030 es·

44 3025 86 3074 se,
101 3016 135 3065 ut
150 3016 268 3078 tribum
283 3027 420 3088 militum
437 3035 592 3094 consulari
626 3041 757 3100 otestate
770 3046 802 3100 et
823 3061 862 3104 ex
883 3041 973 3124 plebe
988 3067 1065 3108 crea·
1169 3041 1172 3088 ⁵

42 3088 169 3170 rentur..
186 3091 329 3176 ¹i'etisso
353 3103 436 3164 viros
459 3108 544 3170 domi
566 3055 750 3194 militiaeque·
766 3125 922 3196 spectatos
933 3141 947 3192 ἴ
965 3125 1061 3202 Pliffllfl

41 3173 135 3254 anais
145 3159 321 3260 sugillatos,
336 3180 492 3249 repulsos,
504 3185 579 3243 risui
597 3189 733 3254 Patribus
742 3195 856 3266 fuisse3
872 3199 990 3262 desisse
1001 3219 1060 3278 pos·

39 3234 139 3361 premo
153 3242 296 3314 praeltere
310 3247 351 3306 ad
367 3259 588 3318 contumeliam
600 3281 643 3320 os.
684 3267 753 3328 Nec
765 3291 797 3331 se
809 3273 924 3344 videre.
937 3296 992 3336 cur
1004 3297 1062 3340 non

49 3323 88 3362 ex
102 3327 229 3398 quoque
239 3321 424 3406 abrogetur,
434 3337 499 3408 qua
522 3335 555 3394 id
580 3337 684 3412 liceat,
707 3349 788 3422 quod
805 3337 962 3429 nunquam
986 3349 1059 3420 iutu-
1092 3349 1094 3356 ¹

37 3393 182 3478 rumsrtj
205 3412 359 3488 minorem
382 3405 501 3487 quippe
515 3415 652 3476 ruborem
676 3418 824 3482 loro-in’
866 3427 873 3442 ⁶
907 3429 914 3442 ”
983 3433 990 3446 “

37 3475 130 3538 quarn
141 3481 173 3522 sr
181 3484 241 3544 per
253 3473 479 3602 rudrgpitatem
490 3488 627 3572 ipsorum
640 3502 768 3580 pretore

179 3581 215 3620 lu.
249 3579 272 3610 '·
356 3612 359 3621 ›
387 3604 389 3614 ¹

101 3583 109 3600 Ι
