<?xml version="1.0" encoding="UTF-8"?>
<!DOCTYPE html PUBLIC "-//W3C//DTD XHTML 1.0 Transitional//EN"
    "http://www.w3.org/TR/xhtml1/DTD/xhtml1-transitional.dtd">
<html xmlns="http://www.w3.org/1999/xhtml" xml:lang="en" lang="en">
 <head>
  <title>
</title>
<meta http-equiv="Content-Type" content="text/html;charset=utf-8" />
  <meta name='ocr-system' content='tesseract 3.04.00' />
  <meta name='ocr-capabilities' content='ocr_page ocr_carea ocr_par ocr_line ocrx_word'/>
</head>
<body>
  <div class='ocr_page' id='page_1' title='image "./historiarumlibr02livygoog_0264.png"; bbox 0 0 2372 4116; ppageno 0'>
   <div class='ocr_carea' id='block_1_1' title="bbox 0 0 2 953">
    <p class='ocr_par' dir='ltr' id='par_1_1' title="bbox 0 0 2 953">
     <span class='ocr_line' id='line_1_1' title="bbox 0 0 2 953; baseline 0 0"><span class='ocrx_word' id='word_1_1' title='bbox 0 0 2 953; x_wconf 95' lang='lat' dir='ltr'><strong> </strong></span> 
     </span>
    </p>
   </div>
   <div class='ocr_carea' id='block_1_2' title="bbox 0 1192 2 1873">
    <p class='ocr_par' dir='ltr' id='par_1_2' title="bbox 0 1192 2 1873">
     <span class='ocr_line' id='line_1_2' title="bbox 0 1192 2 1873; baseline 0 0"><span class='ocrx_word' id='word_1_2' title='bbox 0 1192 2 1873; x_wconf 95' lang='lat' dir='ltr'><strong> </strong></span> 
     </span>
    </p>
   </div>
   <div class='ocr_carea' id='block_1_3' title="bbox 54 244 1141 966">
    <p class='ocr_par' dir='ltr' id='par_1_3' title="bbox 137 244 1077 353">
     <span class='ocr_line' id='line_1_3' title="bbox 339 244 1077 353; baseline 0.002 -40.57"><span class='ocrx_word' id='word_1_3' title='bbox 339 316 342 325; x_wconf 12' lang='lat' dir='ltr'>A</span> <span class='ocrx_word' id='word_1_4' title='bbox 512 244 747 353; x_wconf 40' lang='lat' dir='ltr'><strong>moinus</strong></span> <span class='ocrx_word' id='word_1_5' title='bbox 979 249 1077 314; x_wconf 77' lang='lat' dir='ltr'><strong>..ee-1</strong></span> 
     </span>
    </p>

    <p class='ocr_par' dir='ltr' id='par_1_4' title="bbox 54 331 1141 966">
     <span class='ocr_line' id='line_1_4' title="bbox 123 331 931 402; baseline -0.003 0"><span class='ocrx_word' id='word_1_6' title='bbox 123 331 290 402; x_wconf 51' lang='lat' dir='ltr'><strong>l&#39;r&#39;J&#39;·</strong></span> <span class='ocrx_word' id='word_1_7' title='bbox 332 337 390 376; x_wconf 69' lang='lat'><strong>“²</strong></span> <span class='ocrx_word' id='word_1_8' title='bbox 505 382 508 398; x_wconf 84' lang='lat'>.</span> <span class='ocrx_word' id='word_1_9' title='bbox 769 373 773 381; x_wconf 74' lang='lat'><em>,</em></span> <span class='ocrx_word' id='word_1_10' title='bbox 919 349 931 388; x_wconf 36' lang='grc' dir='ltr'><strong>ι’</strong></span> 
     </span>
     <span class='ocr_line' id='line_1_5' title="bbox 102 407 1072 489; baseline 0.002 -21"><span class='ocrx_word' id='word_1_11' title='bbox 102 408 224 473; x_wconf 80' lang='lat' dir='ltr'><strong>caritate</strong></span> <span class='ocrx_word' id='word_1_12' title='bbox 239 407 352 470; x_wconf 87' lang='lat' dir='ltr'><strong>sedium</strong></span> <span class='ocrx_word' id='word_1_13' title='bbox 364 421 483 470; x_wconf 87' lang='lat' dir='ltr'><strong>suarum</strong></span> <span class='ocrx_word' id='word_1_14' title='bbox 496 409 606 470; x_wconf 80' lang='lat' dir='ltr'>obsessi</span> <span class='ocrx_word' id='word_1_15' title='bbox 620 413 740 489; x_wconf 82' lang='lat' dir='ltr'><strong>possent</strong></span> <span class='ocrx_word' id='word_1_16' title='bbox 748 429 758 480; x_wconf 88' lang='lat'>;</span> <span class='ocrx_word' id='word_1_17' title='bbox 777 415 808 470; x_wconf 85' lang='lat' dir='ltr'><strong>et</strong></span> <span class='ocrx_word' id='word_1_18' title='bbox 820 431 879 472; x_wconf 89' lang='lat' dir='ltr'><strong>non</strong></span> <span class='ocrx_word' id='word_1_19' title='bbox 893 410 991 471; x_wconf 85' lang='lat' dir='ltr'><strong>omnia</strong></span> <span class='ocrx_word' id='word_1_20' title='bbox 1003 429 1072 470; x_wconf 57' lang='lat' dir='ltr'><strong>cone</strong></span> 
     </span>
     <span class='ocr_line' id='line_1_6' title="bbox 54 487 1070 568; baseline 0 -22"><span class='ocrx_word' id='word_1_21' title='bbox 54 499 56 510; x_wconf 81' lang='grc'><em>’</em></span> <span class='ocrx_word' id='word_1_22' title='bbox 101 488 226 547; x_wconf 84' lang='lat' dir='ltr'><strong>cremari</strong></span> <span class='ocrx_word' id='word_1_23' title='bbox 248 493 338 558; x_wconf 86' lang='lat' dir='ltr'><strong>tecta,</strong></span> <span class='ocrx_word' id='word_1_24' title='bbox 353 495 396 558; x_wconf 88' lang='lat' dir='ltr'><strong>ut,</strong></span> <span class='ocrx_word' id='word_1_25' title='bbox 416 487 613 566; x_wconf 86' lang='lat' dir='ltr'><strong>quodcunque</strong></span> <span class='ocrx_word' id='word_1_26' title='bbox 627 496 794 568; x_wconf 77' lang='lat' dir='ltr'><strong>superesset</strong></span> <span class='ocrx_word' id='word_1_27' title='bbox 816 491 948 560; x_wconf 69' lang='lat' dir='ltr'><strong>urhisid</strong></span> <span class='ocrx_word' id='word_1_28' title='bbox 962 489 1070 568; x_wconf 81' lang='lat' dir='ltr'><strong>pignus</strong></span> 
     </span>
     <span class='ocr_line' id='line_1_7' title="bbox 100 551 1072 646; baseline 0.001 -23"><span class='ocrx_word' id='word_1_29' title='bbox 100 551 451 644; x_wconf 18' lang='lat' dir='ltr'><strong>adkgectehdoihostium</strong></span> <span class='ocrx_word' id='word_1_30' title='bbox 465 565 577 626; x_wconf 71' lang='lat' dir='ltr'><strong>animos</strong></span> <span class='ocrx_word' id='word_1_31' title='bbox 590 565 750 638; x_wconf 84' lang='lat' dir='ltr'><strong>haherent;</strong></span> <span class='ocrx_word' id='word_1_32' title='bbox 771 587 954 646; x_wconf 76' lang='lat' dir='ltr'><strong>nequaquam</strong></span> <span class='ocrx_word' id='word_1_33' title='bbox 976 566 1072 646; x_wconf 66' lang='lat' dir='ltr'><strong>periri¹</strong></span> 
     </span>
     <span class='ocr_line' id='line_1_8' title="bbox 101 639 1134 724; baseline 0.001 -24"><span class='ocrx_word' id='word_1_34' title='bbox 101 639 241 722; x_wconf 62' lang='lat' dir='ltr'><strong>deusque</strong></span> <span class='ocrx_word' id='word_1_35' title='bbox 252 639 384 723; x_wconf 73' lang='lat' dir='ltr'><strong>in⁴copta</strong></span> <span class='ocrx_word' id='word_1_36' title='bbox 397 647 466 703; x_wconf 84' lang='lat' dir='ltr'><strong>urhe</strong></span> <span class='ocrx_word' id='word_1_37' title='bbox 480 645 575 722; x_wconf 68' lang='lat' dir='ltr'><strong>primi</strong></span> <span class='ocrx_word' id='word_1_38' title='bbox 588 644 636 704; x_wconf 88' lang='lat' dir='ltr'><strong>die</strong></span> <span class='ocrx_word' id='word_1_39' title='bbox 655 656 706 703; x_wconf 84' lang='lat' dir='ltr'><strong>aut</strong></span> <span class='ocrx_word' id='word_1_40' title='bbox 730 645 838 722; x_wconf 86' lang='lat' dir='ltr'><strong>passim</strong></span> <span class='ocrx_word' id='word_1_41' title='bbox 851 652 903 705; x_wconf 84' lang='lat' dir='ltr'><strong>eut</strong></span> <span class='ocrx_word' id='word_1_42' title='bbox 915 645 974 704; x_wconf 76' lang='lat' dir='ltr'><strong>late</strong></span> <span class='ocrx_word' id='word_1_43' title='bbox 988 663 1074 724; x_wconf 82' lang='lat' dir='ltr'><strong>vaga·-</strong></span> <span class='ocrx_word' id='word_1_44' title='bbox 1132 705 1134 710; x_wconf 69' lang='grc'>,</span> 
     </span>
     <span class='ocr_line' id='line_1_9' title="bbox 63 722 1074 802; baseline 0.002 -24"><span class='ocrx_word' id='word_1_45' title='bbox 63 755 66 760; x_wconf 90' lang='lat'>·</span> <span class='ocrx_word' id='word_1_46' title='bbox 100 726 150 780; x_wconf 86' lang='lat' dir='ltr'><strong>tus</strong></span> <span class='ocrx_word' id='word_1_47' title='bbox 162 730 207 781; x_wconf 85' lang='lat' dir='ltr'><strong>est</strong></span> <span class='ocrx_word' id='word_1_48' title='bbox 220 723 304 802; x_wconf 83' lang='lat' dir='ltr'><strong>ignis.</strong></span> <span class='ocrx_word' id='word_1_49' title='bbox 344 722 477 792; x_wconf 83' lang='lat' dir='ltr'><strong>Romani,</strong></span> <span class='ocrx_word' id='word_1_50' title='bbox 491 742 527 781; x_wconf 81' lang='lat' dir='ltr'><strong>ex</strong></span> <span class='ocrx_word' id='word_1_51' title='bbox 548 743 616 782; x_wconf 87' lang='lat' dir='ltr'><strong>arce</strong></span> <span class='ocrx_word' id='word_1_52' title='bbox 626 723 744 802; x_wconf 91' lang='lat' dir='ltr'><strong>plenam</strong></span> <span class='ocrx_word' id='word_1_53' title='bbox 759 723 885 783; x_wconf 89' lang='lat' dir='ltr'><strong>hostium</strong></span> <span class='ocrx_word' id='word_1_54' title='bbox 898 724 996 782; x_wconf 89' lang='lat' dir='ltr'><strong>urbem</strong></span> <span class='ocrx_word' id='word_1_55' title='bbox 1011 741 1074 780; x_wconf 64' lang='lat' dir='ltr'><strong>cer*</strong></span> 
     </span>
     <span class='ocr_line' id='line_1_10' title="bbox 99 801 1076 898; baseline 0.002 -41"><span class='ocrx_word' id='word_1_56' title='bbox 99 806 215 869; x_wconf 87' lang='lat' dir='ltr'><strong>nentes,</strong></span> <span class='ocrx_word' id='word_1_57' title='bbox 237 817 385 878; x_wconf 78' lang='lat' dir='ltr'><strong>uagosque</strong></span> <span class='ocrx_word' id='word_1_58' title='bbox 400 821 451 878; x_wconf 89' lang='lat' dir='ltr'><strong>per</strong></span> <span class='ocrx_word' id='word_1_59' title='bbox 472 801 533 859; x_wconf 86' lang='lat' dir='ltr'><strong>vias</strong></span> <span class='ocrx_word' id='word_1_60' title='bbox 547 820 648 860; x_wconf 86' lang='lat' dir='ltr'><strong>omnes</strong></span> <span class='ocrx_word' id='word_1_61' title='bbox 674 817 787 872; x_wconf 79' lang='lat' dir='ltr'><strong>cursus,</strong></span> <span class='ocrx_word' id='word_1_62' title='bbox 801 821 892 880; x_wconf 88' lang='lat' dir='ltr'><strong>quum</strong></span> <span class='ocrx_word' id='word_1_63' title='bbox 905 801 965 862; x_wconf 69' lang='lat' dir='ltr'><strong>elia</strong></span> <span class='ocrx_word' id='word_1_64' title='bbox 988 806 1076 898; x_wconf 86' lang='lat' dir='ltr'><strong>atque</strong></span> 
     </span>
     <span class='ocr_line' id='line_1_11' title="bbox 99 876 1141 966; baseline 0.005 -32"><span class='ocrx_word' id='word_1_65' title='bbox 99 876 160 936; x_wconf 81' lang='lat' dir='ltr'><strong>alia</strong></span> <span class='ocrx_word' id='word_1_66' title='bbox 173 881 257 966; x_wconf 88' lang='lat' dir='ltr'><strong>parte</strong></span> <span class='ocrx_word' id='word_1_67' title='bbox 271 897 347 936; x_wconf 87' lang='lat' dir='ltr'><strong>nova</strong></span> <span class='ocrx_word' id='word_1_68' title='bbox 360 877 572 954; x_wconf 85' lang='lat' dir='ltr'><strong>aliquaclades</strong></span> <span class='ocrx_word' id='word_1_69' title='bbox 586 878 721 946; x_wconf 87' lang='lat' dir='ltr'><strong>oriretur,</strong></span> <span class='ocrx_word' id='word_1_70' title='bbox 735 899 793 938; x_wconf 91' lang='lat' dir='ltr'><strong>non</strong></span> <span class='ocrx_word' id='word_1_71' title='bbox 817 880 963 941; x_wconf 88' lang='lat' dir='ltr'><strong>mentibus</strong></span> <span class='ocrx_word' id='word_1_72' title='bbox 978 878 1075 939; x_wconf 81' lang='lat' dir='ltr'><strong>solum</strong></span> <span class='ocrx_word' id='word_1_73' title='bbox 1137 904 1141 912; x_wconf 93' lang='lat'>·</span> 
     </span>
    </p>
   </div>
   <div class='ocr_carea' id='block_1_4' title="bbox 3 955 1164 1034">
    <p class='ocr_par' dir='ltr' id='par_1_5' title="bbox 3 955 1164 1034">
     <span class='ocr_line' id='line_1_12' title="bbox 3 955 1164 1034; baseline -0.001 -20"><span class='ocrx_word' id='word_1_74' title='bbox 3 983 4 1014; x_wconf 71' lang='lat' dir='ltr'><strong>i</strong></span> <span class='ocrx_word' id='word_1_75' title='bbox 99 971 264 1032; x_wconf 83' lang='lat' dir='ltr'><strong>concipere,</strong></span> <span class='ocrx_word' id='word_1_76' title='bbox 277 955 382 1014; x_wconf 78' lang='lat' dir='ltr'><strong>sedine</strong></span> <span class='ocrx_word' id='word_1_77' title='bbox 397 955 513 1014; x_wconf 82' lang='lat' dir='ltr'><strong>auribus</strong></span> <span class='ocrx_word' id='word_1_78' title='bbox 527 955 646 1034; x_wconf 88' lang='lat' dir='ltr'><strong>quidem</strong></span> <span class='ocrx_word' id='word_1_79' title='bbox 660 963 750 1033; x_wconf 86' lang='lat' dir='ltr'><strong>atque</strong></span> <span class='ocrx_word' id='word_1_80' title='bbox 768 958 862 1018; x_wconf 88' lang='lat' dir='ltr'><strong>oculis</strong></span> <span class='ocrx_word' id='word_1_81' title='bbox 876 957 947 1016; x_wconf 80' lang='lat' dir='ltr'><strong>satis&#39;</strong></span> <span class='ocrx_word' id='word_1_82' title='bbox 962 961 1077 1015; x_wconf 88' lang='lat' dir='ltr'><strong>consta·</strong></span> <span class='ocrx_word' id='word_1_83' title='bbox 1129 974 1164 1032; x_wconf 64' lang='grc' dir='ltr'><strong> </strong></span> 
     </span>
    </p>
   </div>
   <div class='ocr_carea' id='block_1_5' title="bbox 3 1033 1120 2360">
    <p class='ocr_par' dir='ltr' id='par_1_6' title="bbox 3 1033 1120 2360">
     <span class='ocr_line' id='line_1_13' title="bbox 97 1033 1120 1113; baseline 0.003 -24"><span class='ocrx_word' id='word_1_84' title='bbox 97 1049 131 1090; x_wconf 88' lang='lat' dir='ltr'><strong>re</strong></span> <span class='ocrx_word' id='word_1_85' title='bbox 142 1037 285 1109; x_wconf 84' lang='lat' dir='ltr'><strong>poterant.</strong></span> <span class='ocrx_word' id='word_1_86' title='bbox 325 1033 506 1110; x_wconf 85' lang='lat' dir='ltr'><strong>Quocunque</strong></span> <span class='ocrx_word' id='word_1_87' title='bbox 521 1035 631 1095; x_wconf 82' lang='lat' dir='ltr'><strong>clamor</strong></span> <span class='ocrx_word' id='word_1_88' title='bbox 643 1033 780 1100; x_wconf 81' lang='lat' dir='ltr'><strong>hostium,</strong></span> <span class='ocrx_word' id='word_1_89' title='bbox 796 1037 951 1096; x_wconf 85' lang='lat' dir='ltr'><strong>mulierum</strong></span> <span class='ocrx_word' id='word_1_90' title='bbox 972 1052 1076 1113; x_wconf 54' lang='lat' dir='ltr'><strong>puero*</strong></span> <span class='ocrx_word' id='word_1_91' title='bbox 1118 1037 1120 1042; x_wconf 86' lang='lat'>&#39;</span> 
     </span>
     <span class='ocr_line' id='line_1_14' title="bbox 96 1109 1076 1192; baseline 0.004 -26"><span class='ocrx_word' id='word_1_92' title='bbox 96 1128 222 1187; x_wconf 88' lang='lat' dir='ltr'><strong>rumque</strong></span> <span class='ocrx_word' id='word_1_93' title='bbox 236 1109 375 1189; x_wconf 81' lang='lat' dir='ltr'><strong>ploratus,</strong></span> <span class='ocrx_word' id='word_1_94' title='bbox 391 1111 503 1170; x_wconf 85' lang='lat' dir='ltr'><strong>sonitus</strong></span> <span class='ocrx_word' id='word_1_95' title='bbox 525 1110 660 1180; x_wconf 69' lang='lat' dir='ltr'><strong>flamma,</strong></span> <span class='ocrx_word' id='word_1_96' title='bbox 680 1119 711 1171; x_wconf 92' lang='lat' dir='ltr'><strong>et</strong></span> <span class='ocrx_word' id='word_1_97' title='bbox 737 1113 832 1192; x_wconf 78' lang='lat' dir='ltr'><strong>fragor</strong></span> <span class='ocrx_word' id='word_1_98' title='bbox 854 1113 1002 1174; x_wconf 84' lang='lat' dir='ltr'><strong>ruentium</strong></span> <span class='ocrx_word' id='word_1_99' title='bbox 1015 1115 1076 1170; x_wconf 89' lang='lat' dir='ltr'><strong>tec·</strong></span> 
     </span>
     <span class='ocr_line' id='line_1_15' title="bbox 96 1189 1077 1270; baseline 0.003 -26"><span class='ocrx_word' id='word_1_100' title='bbox 96 1189 195 1246; x_wconf 89' lang='lat' dir='ltr'><strong>torum</strong></span> <span class='ocrx_word' id='word_1_101' title='bbox 209 1189 373 1256; x_wconf 85' lang='lat' dir='ltr'><strong>avertisset,</strong></span> <span class='ocrx_word' id='word_1_102' title='bbox 389 1193 530 1266; x_wconf 84' lang='lat' dir='ltr'><strong>paventes</strong></span> <span class='ocrx_word' id='word_1_103' title='bbox 543 1189 581 1247; x_wconf 81' lang='lat' dir='ltr'><strong>ad</strong></span> <span class='ocrx_word' id='word_1_104' title='bbox 596 1189 702 1259; x_wconf 87' lang='lat' dir='ltr'><strong>omnia,</strong></span> <span class='ocrx_word' id='word_1_105' title='bbox 715 1189 829 1251; x_wconf 91' lang='lat' dir='ltr'><strong>animos</strong></span> <span class='ocrx_word' id='word_1_106' title='bbox 843 1207 952 1270; x_wconf 85' lang='lat' dir='ltr'><strong>oraque·</strong></span> <span class='ocrx_word' id='word_1_107' title='bbox 963 1195 1077 1270; x_wconf 32' lang='lat' dir='ltr'><strong>‘stocos</strong></span> 
     </span>
     <span class='ocr_line' id='line_1_16' title="bbox 96 1261 1076 1348; baseline 0.005 -28"><span class='ocrx_word' id='word_1_108' title='bbox 96 1261 142 1324; x_wconf 89' lang='lat' dir='ltr'><strong>los</strong></span> <span class='ocrx_word' id='word_1_109' title='bbox 154 1265 325 1346; x_wconf 56' lang='lat' dir='ltr'><strong>lleqtqh&#39;ants</strong></span> <span class='ocrx_word' id='word_1_110' title='bbox 345 1265 477 1325; x_wconf 87' lang='lat' dir='ltr'><strong>velutad</strong></span> <span class='ocrx_word' id='word_1_111' title='bbox 492 1267 695 1345; x_wconf 84' lang='lat' dir='ltr'><strong>spectaculum</strong></span> <span class='ocrx_word' id='word_1_112' title='bbox 717 1265 733 1324; x_wconf 73' lang='lat' dir='ltr'><strong>ei</strong></span> <span class='ocrx_word' id='word_1_113' title='bbox 756 1270 874 1330; x_wconf 83' lang='lat' dir='ltr'><strong>fortuna</strong></span> <span class='ocrx_word' id='word_1_114' title='bbox 898 1265 1076 1348; x_wconf 74' lang='lat' dir='ltr'><strong>positi-occi·</strong></span> 
     </span>
     <span class='ocr_line' id='line_1_17' title="bbox 97 1339 1075 1424; baseline 0.006 -26"><span class='ocrx_word' id='word_1_115' title='bbox 97 1339 196 1402; x_wconf 83' lang='lat' dir='ltr'><strong>dentis</strong></span> <span class='ocrx_word' id='word_1_116' title='bbox 210 1344 327 1421; x_wconf 84' lang='lat' dir='ltr'><strong>patriae,</strong></span> <span class='ocrx_word' id='word_1_117' title='bbox 337 1363 393 1403; x_wconf 91' lang='lat' dir='ltr'><strong>nec</strong></span> <span class='ocrx_word' id='word_1_118' title='bbox 408 1343 497 1402; x_wconf 85' lang='lat' dir='ltr'><strong>ullius</strong></span> <span class='ocrx_word' id='word_1_119' title='bbox 512 1363 607 1402; x_wconf 88' lang='lat' dir='ltr'><strong>rerum</strong></span> <span class='ocrx_word' id='word_1_120' title='bbox 623 1363 741 1403; x_wconf 87' lang='lat' dir='ltr'><strong>suarum</strong></span> <span class='ocrx_word' id='word_1_121' title='bbox 756 1347 863 1414; x_wconf 77' lang='lat' dir='ltr'><strong>relicti,</strong></span> <span class='ocrx_word' id='word_1_122' title='bbox 875 1353 1075 1424; x_wconf 83' lang='lat' dir='ltr'><strong>praeterquam</strong></span> 
     </span>
     <span class='ocr_line' id='line_1_18' title="bbox 96 1419 1075 1500; baseline 0.004 -23"><span class='ocrx_word' id='word_1_123' title='bbox 96 1437 260 1499; x_wconf 86' lang='lat' dir='ltr'><strong>corporum,</strong></span> <span class='ocrx_word' id='word_1_124' title='bbox 274 1419 425 1487; x_wconf 84' lang='lat' dir='ltr'><strong>vindices3</strong></span> <span class='ocrx_word' id='word_1_125' title='bbox 445 1425 529 1477; x_wconf 89' lang='lat' dir='ltr'><strong>tauto</strong></span> <span class='ocrx_word' id='word_1_126' title='bbox 543 1428 610 1479; x_wconf 87' lang='lat' dir='ltr'><strong>ante</strong></span> <span class='ocrx_word' id='word_1_127' title='bbox 625 1420 699 1478; x_wconf 81' lang='lat' dir='ltr'><strong>elios</strong></span> <span class='ocrx_word' id='word_1_128' title='bbox 723 1421 883 1482; x_wconf 86' lang='lat' dir='ltr'><strong>miserandi</strong></span> <span class='ocrx_word' id='word_1_129' title='bbox 908 1422 1010 1500; x_wconf 85' lang='lat' dir='ltr'><strong>magis,</strong></span> <span class='ocrx_word' id='word_1_130' title='bbox 1023 1422 1075 1500; x_wconf 88' lang='lat' dir='ltr'><strong>qui</strong></span> 
     </span>
     <span class='ocr_line' id='line_1_19' title="bbox 95 1495 1075 1578; baseline 0.001 -23"><span class='ocrx_word' id='word_1_131' title='bbox 95 1515 226 1575; x_wconf 86' lang='lat' dir='ltr'><strong>unquam</strong></span> <span class='ocrx_word' id='word_1_132' title='bbox 240 1497 351 1556; x_wconf 86' lang='lat' dir='ltr'><strong>obsessi</strong></span> <span class='ocrx_word' id='word_1_133' title='bbox 365 1501 444 1564; x_wconf 87' lang='lat' dir='ltr'><strong>sunt,</strong></span> <span class='ocrx_word' id='word_1_134' title='bbox 452 1495 535 1572; x_wconf 77' lang='lat' dir='ltr'><strong>,quod</strong></span> <span class='ocrx_word' id='word_1_135' title='bbox 549 1495 703 1557; x_wconf 81' lang='lat' dir='ltr'><strong>interclusi</strong></span> <span class='ocrx_word' id='word_1_136' title='bbox 718 1497 735 1556; x_wconf 71' lang='lat' dir='ltr'><strong>l</strong></span> <span class='ocrx_word' id='word_1_137' title='bbox 748 1498 844 1578; x_wconf 88' lang='lat' dir='ltr'><strong>patria</strong></span> <span class='ocrx_word' id='word_1_138' title='bbox 857 1499 1075 1570; x_wconf 82' lang='lat' dir='ltr'><strong>obsidebantur,</strong></span> 
     </span>
     <span class='ocr_line' id='line_1_20' title="bbox 98 1572 1076 1654; baseline 0.004 -22"><span class='ocrx_word' id='word_1_139' title='bbox 98 1572 199 1632; x_wconf 85' lang='lat' dir='ltr'><strong>ornuia</strong></span> <span class='ocrx_word' id='word_1_140' title='bbox 210 1593 262 1632; x_wconf 82' lang='lat' dir='ltr'><strong>sua</strong></span> <span class='ocrx_word' id='word_1_141' title='bbox 275 1580 429 1633; x_wconf 87' lang='lat' dir='ltr'><strong>cernentes</strong></span> <span class='ocrx_word' id='word_1_142' title='bbox 442 1573 472 1632; x_wconf 90' lang='lat' dir='ltr'><strong>in</strong></span> <span class='ocrx_word' id='word_1_143' title='bbox 487 1572 612 1633; x_wconf 90' lang='lat' dir='ltr'><strong>hostium</strong></span> <span class='ocrx_word' id='word_1_144' title='bbox 625 1581 780 1654; x_wconf 82' lang='lat' dir='ltr'><strong>potestate.</strong></span> <span class='ocrx_word' id='word_1_145' title='bbox 821 1575 887 1636; x_wconf 86' lang='lat' dir='ltr'><strong>Nec</strong></span> <span class='ocrx_word' id='word_1_146' title='bbox 902 1576 1076 1654; x_wconf 85' lang='lat' dir='ltr'><strong>tranquilior</strong></span> 
     </span>
     <span class='ocr_line' id='line_1_21' title="bbox 99 1651 1076 1730; baseline 0.003 -19"><span class='ocrx_word' id='word_1_147' title='bbox 99 1671 158 1712; x_wconf 86' lang='lat' dir='ltr'><strong>nox</strong></span> <span class='ocrx_word' id='word_1_148' title='bbox 172 1651 250 1710; x_wconf 89' lang='lat' dir='ltr'><strong>diem</strong></span> <span class='ocrx_word' id='word_1_149' title='bbox 265 1657 325 1711; x_wconf 90' lang='lat' dir='ltr'><strong>tam</strong></span> <span class='ocrx_word' id='word_1_150' title='bbox 340 1651 419 1710; x_wconf 70' lang='lat' dir='ltr'><strong>fede</strong></span> <span class='ocrx_word' id='word_1_151' title='bbox 433 1657 531 1712; x_wconf 85' lang='lat' dir='ltr'><strong>actum</strong></span> <span class='ocrx_word' id='word_1_152' title='bbox 551 1653 687 1730; x_wconf 87' lang='lat' dir='ltr'><strong>excepit;</strong></span> <span class='ocrx_word' id='word_1_153' title='bbox 707 1653 757 1713; x_wconf 68' lang='lat' dir='ltr'><strong>lux</strong></span> <span class='ocrx_word' id='word_1_154' title='bbox 772 1655 880 1715; x_wconf 87' lang='lat' dir='ltr'><strong>deinde</strong></span> <span class='ocrx_word' id='word_1_155' title='bbox 900 1660 1018 1713; x_wconf 86' lang='lat' dir='ltr'><strong>noctem</strong></span> <span class='ocrx_word' id='word_1_156' title='bbox 1032 1652 1076 1714; x_wconf 85' lang='lat' dir='ltr'><strong>in·</strong></span> 
     </span>
     <span class='ocr_line' id='line_1_22' title="bbox 100 1729 1111 1812; baseline 0.005 -24"><span class='ocrx_word' id='word_1_157' title='bbox 100 1730 229 1808; x_wconf 86' lang='lat' dir='ltr'><strong>quietam</strong></span> <span class='ocrx_word' id='word_1_158' title='bbox 238 1729 377 1788; x_wconf 70' lang='lat' dir='ltr'><strong>&#39;insecuta</strong></span> <span class='ocrx_word' id='word_1_159' title='bbox 390 1737 451 1798; x_wconf 87' lang='lat' dir='ltr'><strong>cst;</strong></span> <span class='ocrx_word' id='word_1_160' title='bbox 472 1734 526 1788; x_wconf 80' lang='lat' dir='ltr'><strong>nec</strong></span> <span class='ocrx_word' id='word_1_161' title='bbox 540 1731 632 1790; x_wconf 90' lang='lat' dir='ltr'><strong>ullum</strong></span> <span class='ocrx_word' id='word_1_162' title='bbox 654 1738 717 1792; x_wconf 82' lang='lat' dir='ltr'><strong>eret</strong></span> <span class='ocrx_word' id='word_1_163' title='bbox 730 1739 855 1812; x_wconf 68' lang='lat' dir='ltr'><strong>tempus¹</strong></span> <span class='ocrx_word' id='word_1_164' title='bbox 867 1734 946 1810; x_wconf 89' lang='lat' dir='ltr'><strong>quod</strong></span> <span class='ocrx_word' id='word_1_165' title='bbox 959 1732 975 1788; x_wconf 71' lang='lat' dir='ltr'><strong>el</strong></span> <span class='ocrx_word' id='word_1_166' title='bbox 989 1749 1074 1793; x_wconf 77' lang='lat' dir='ltr'><strong>novae</strong></span> <span class='ocrx_word' id='word_1_167' title='bbox 1108 1763 1111 1768; x_wconf 56' lang='lat'><strong><em>¹</em></strong></span> 
     </span>
     <span class='ocr_line' id='line_1_23' title="bbox 102 1793 1075 1944; baseline 0.005 -78"><span class='ocrx_word' id='word_1_168' title='bbox 102 1826 219 1886; x_wconf 84' lang='lat' dir='ltr'><strong>semper</strong></span> <span class='ocrx_word' id='word_1_169' title='bbox 230 1807 324 1867; x_wconf 86' lang='lat' dir='ltr'><strong>clodis</strong></span> <span class='ocrx_word' id='word_1_170' title='bbox 338 1793 463 1887; x_wconf 78' lang='lat' dir='ltr'><strong>aliculjus</strong></span> <span class='ocrx_word' id='word_1_171' title='bbox 474 1809 643 1944; x_wconf 86' lang='lat' dir='ltr'><strong>spectaculo</strong></span> <span class='ocrx_word' id='word_1_172' title='bbox 656 1819 793 1870; x_wconf 78' lang='lat' dir='ltr'><strong>cessaret.</strong></span> <span class='ocrx_word' id='word_1_173' title='bbox 814 1811 894 1878; x_wconf 83' lang='lat' dir='ltr'><strong>Nihil</strong></span> <span class='ocrx_word' id='word_1_174' title='bbox 908 1817 1017 1879; x_wconf 85' lang='lat' dir='ltr'><strong>tamen,</strong></span> <span class='ocrx_word' id='word_1_175' title='bbox 1031 1816 1075 1872; x_wconf 87' lang='lat' dir='ltr'><strong>tot</strong></span> 
     </span>
     <span class='ocr_line' id='line_1_24' title="bbox 98 1885 1074 1967; baseline 0.006 -23"><span class='ocrx_word' id='word_1_176' title='bbox 98 1885 211 1944; x_wconf 84' lang='lat' dir='ltr'><strong>onerati</strong></span> <span class='ocrx_word' id='word_1_177' title='bbox 222 1893 312 1964; x_wconf 84' lang='lat' dir='ltr'><strong>etque</strong></span> <span class='ocrx_word' id='word_1_178' title='bbox 326 1887 421 1946; x_wconf 85' lang='lat' dir='ltr'><strong>obruti</strong></span> <span class='ocrx_word' id='word_1_179' title='bbox 442 1905 489 1947; x_wconf 85' lang='lat' dir='ltr'><strong>ma</strong></span> <span class='ocrx_word' id='word_1_180' title='bbox 503 1886 537 1956; x_wconf 89' lang='lat' dir='ltr'><strong>is,</strong></span> <span class='ocrx_word' id='word_1_181' title='bbox 549 1886 695 1949; x_wconf 77' lang='lat' dir='ltr'><strong>fleuerunt</strong></span> <span class='ocrx_word' id='word_1_182' title='bbox 709 1885 927 1967; x_wconf 61' lang='lat' dir='ltr'><strong>animosequin,</strong></span> <span class='ocrx_word' id='word_1_183' title='bbox 944 1891 1001 1948; x_wconf 87' lang='lat' dir='ltr'><strong>etsi</strong></span> <span class='ocrx_word' id='word_1_184' title='bbox 1013 1908 1074 1950; x_wconf 77' lang='lat' dir='ltr'><strong>om·</strong></span> 
     </span>
     <span class='ocr_line' id='line_1_25' title="bbox 3 1963 1072 2057; baseline 0 -31"><span class='ocrx_word' id='word_1_185' title='bbox 3 2011 4 2026; x_wconf 45' lang='lat' dir='ltr'><strong>i</strong></span> <span class='ocrx_word' id='word_1_186' title='bbox 96 1963 148 2023; x_wconf 88' lang='lat' dir='ltr'><strong>nia</strong></span> <span class='ocrx_word' id='word_1_187' title='bbox 169 1963 294 2024; x_wconf 70' lang='lat' dir='ltr'><strong>ll&#39;ummis</strong></span> <span class='ocrx_word' id='word_1_188' title='bbox 307 1983 341 2024; x_wconf 88' lang='lat' dir='ltr'><strong>ec</strong></span> <span class='ocrx_word' id='word_1_189' title='bbox 361 1964 453 2024; x_wconf 86' lang='lat' dir='ltr'><strong>ruinis</strong></span> <span class='ocrx_word' id='word_1_190' title='bbox 476 1972 593 2044; x_wconf 81' lang='lat' dir='ltr'><strong>aequata</strong></span> <span class='ocrx_word' id='word_1_191' title='bbox 615 1963 769 2036; x_wconf 82' lang='lat' dir='ltr'><strong>vidissent,</strong></span> <span class='ocrx_word' id='word_1_192' title='bbox 781 1967 936 2057; x_wconf 65' lang='lat' dir='ltr'><strong>‚quamvis</strong></span> <span class='ocrx_word' id='word_1_193' title='bbox 954 1968 1072 2041; x_wconf 90' lang='lat' dir='ltr'><strong>inopem</strong></span> 
     </span>
     <span class='ocr_line' id='line_1_26' title="bbox 95 2043 1075 2122; baseline 0.004 -22"><span class='ocrx_word' id='word_1_194' title='bbox 95 2055 286 2122; x_wconf 86' lang='lat' dir='ltr'><strong>parvumque,</strong></span> <span class='ocrx_word' id='word_1_195' title='bbox 299 2062 386 2122; x_wconf 88' lang='lat' dir='ltr'><strong>quem</strong></span> <span class='ocrx_word' id='word_1_196' title='bbox 401 2044 549 2114; x_wconf 88' lang='lat' dir='ltr'><strong>tenebant,</strong></span> <span class='ocrx_word' id='word_1_197' title='bbox 560 2043 675 2112; x_wconf 91' lang='lat' dir='ltr'><strong>collem,</strong></span> <span class='ocrx_word' id='word_1_198' title='bbox 686 2043 820 2104; x_wconf 82' lang='lat' dir='ltr'><strong>libertati.</strong></span> <span class='ocrx_word' id='word_1_199' title='bbox 828 2045 975 2114; x_wconf 79' lang='lat' dir='ltr'><strong>relictum,</strong></span> <span class='ocrx_word' id='word_1_200' title='bbox 985 2045 1075 2104; x_wconf 85' lang='lat' dir='ltr'><strong>virtu·</strong></span> 
     </span>
     <span class='ocr_line' id='line_1_27' title="bbox 96 2118 1076 2200; baseline 0.001 -21"><span class='ocrx_word' id='word_1_201' title='bbox 96 2118 360 2190; x_wconf 83' lang='lat' dir='ltr'><strong>tedelenderent3&#39;</strong></span> <span class='ocrx_word' id='word_1_202' title='bbox 374 2123 487 2200; x_wconf 86' lang='lat' dir='ltr'><strong>etjam,</strong></span> <span class='ocrx_word' id='word_1_203' title='bbox 501 2140 591 2199; x_wconf 90' lang='lat' dir='ltr'><strong>quum</strong></span> <span class='ocrx_word' id='word_1_204' title='bbox 609 2119 712 2182; x_wconf 84' lang='lat' dir='ltr'><strong>eadem</strong></span> <span class='ocrx_word' id='word_1_205' title='bbox 739 2123 870 2200; x_wconf 78' lang='lat' dir='ltr'><strong>quotidie</strong></span> <span class='ocrx_word' id='word_1_206' title='bbox 883 2123 1076 2192; x_wconf 63' lang='lat' dir='ltr'><strong>&#39;acciderenh</strong></span> 
     </span>
     <span class='ocr_line' id='line_1_28' title="bbox 96 2193 1074 2278; baseline 0.002 -22"><span class='ocrx_word' id='word_1_207' title='bbox 96 2197 179 2256; x_wconf 83' lang='lat' dir='ltr'><strong>velut</strong></span> <span class='ocrx_word' id='word_1_208' title='bbox 192 2199 302 2258; x_wconf 86' lang='lat' dir='ltr'><strong>assueti</strong></span> <span class='ocrx_word' id='word_1_209' title='bbox 325 2199 420 2270; x_wconf 86' lang='lat' dir='ltr'><strong>malis,</strong></span> <span class='ocrx_word' id='word_1_210' title='bbox 436 2193 671 2278; x_wconf 76' lang='lat' dir='ltr'><strong>abalienaverant</strong></span> <span class='ocrx_word' id='word_1_211' title='bbox 684 2201 722 2258; x_wconf 45' lang='lat' dir='ltr'><strong>ab*</strong></span> <span class='ocrx_word' id='word_1_212' title='bbox 740 2219 828 2260; x_wconf 86' lang='lat' dir='ltr'><strong>sensu</strong></span> <span class='ocrx_word' id='word_1_213' title='bbox 843 2221 940 2258; x_wconf 86' lang='lat' dir='ltr'><strong>rerum</strong></span> <span class='ocrx_word' id='word_1_214' title='bbox 990 2219 1074 2259; x_wconf 85' lang='lat' dir='ltr'><strong>arum</strong></span> 
     </span>
     <span class='ocr_line' id='line_1_29' title="bbox 97 2275 1082 2360; baseline 0.003 -27"><span class='ocrx_word' id='word_1_215' title='bbox 97 2275 229 2344; x_wconf 81' lang='lat' dir='ltr'><strong>enimos;</strong></span> <span class='ocrx_word' id='word_1_216' title='bbox 251 2295 332 2336; x_wconf 83' lang='lat' dir='ltr'><strong>arina</strong></span> <span class='ocrx_word' id='word_1_217' title='bbox 345 2278 462 2337; x_wconf 77' lang='lat' dir='ltr'><strong>tantilm</strong></span> <span class='ocrx_word' id='word_1_218' title='bbox 478 2275 645 2354; x_wconf 85' lang='lat' dir='ltr'><strong>ferrumque</strong></span> <span class='ocrx_word' id='word_1_219' title='bbox 659 2277 691 2336; x_wconf 89' lang='lat' dir='ltr'><strong>in</strong></span> <span class='ocrx_word' id='word_1_220' title='bbox 703 2277 828 2348; x_wconf 83' lang='lat' dir='ltr'><strong>dextris,</strong></span> <span class='ocrx_word' id='word_1_221' title='bbox 844 2279 926 2337; x_wconf 89' lang='lat' dir='ltr'><strong>velut</strong></span> <span class='ocrx_word' id='word_1_222' title='bbox 940 2299 954 2337; x_wconf 91' lang='lat' dir='ltr'><strong>s</strong></span> <span class='ocrx_word' id='word_1_223' title='bbox 985 2291 1018 2336; x_wconf 84' lang='lat' dir='ltr'><strong>as</strong></span> <span class='ocrx_word' id='word_1_224' title='bbox 1029 2297 1082 2360; x_wconf 56' lang='lat' dir='ltr'><strong>re„</strong></span> 
     </span>
    </p>
   </div>
   <div class='ocr_carea' id='block_1_6' title="bbox 3 2345 545 2434">
    <p class='ocr_par' dir='ltr' id='par_1_7' title="bbox 3 2345 545 2434">
     <span class='ocr_line' id='line_1_30' title="bbox 3 2345 545 2434; baseline 0.006 -23"><span class='ocrx_word' id='word_1_225' title='bbox 3 2345 4 2352; x_wconf 37' lang='lat'>¹</span> <span class='ocrx_word' id='word_1_226' title='bbox 42 2398 46 2408; x_wconf 92' lang='lat'>.</span> <span class='ocrx_word' id='word_1_227' title='bbox 97 2352 206 2431; x_wconf 86' lang='lat' dir='ltr'><strong>liquias</strong></span> <span class='ocrx_word' id='word_1_228' title='bbox 220 2355 284 2434; x_wconf 85' lang='lat' dir='ltr'><strong>spei</strong></span> <span class='ocrx_word' id='word_1_229' title='bbox 298 2375 372 2426; x_wconf 89' lang='lat' dir='ltr'><strong>suae,</strong></span> <span class='ocrx_word' id='word_1_230' title='bbox 385 2355 545 2415; x_wconf 83' lang='lat' dir='ltr'><strong>intuentes..</strong></span> 
     </span>
    </p>
   </div>
   <div class='ocr_carea' id='block_1_7' title="bbox 72 2417 1074 2890">
    <p class='ocr_par' dir='ltr' id='par_1_8' title="bbox 72 2417 1074 2890">
     <span class='ocr_line' id='line_1_31' title="bbox 137 2417 1073 2512; baseline 0.004 -23"><span class='ocrx_word' id='word_1_231' title='bbox 137 2431 252 2490; x_wconf 66' lang='lat' dir='ltr'><strong>xtuli.</strong></span> <span class='ocrx_word' id='word_1_232' title='bbox 273 2431 353 2492; x_wconf 83' lang='lat' dir='ltr'><strong>Gelli</strong></span> <span class='ocrx_word' id='word_1_233' title='bbox 366 2453 493 2512; x_wconf 84' lang='lat' dir='ltr'><strong>quoque,</strong></span> <span class='ocrx_word' id='word_1_234' title='bbox 503 2453 556 2512; x_wconf 90' lang='lat' dir='ltr'><strong>per</strong></span> <span class='ocrx_word' id='word_1_235' title='bbox 566 2431 677 2510; x_wconf 82' lang='lat' dir='ltr'><strong>aliquot</strong></span> <span class='ocrx_word' id='word_1_236' title='bbox 686 2431 754 2506; x_wconf 21' lang='lat' dir='ltr'><strong>‘dies</strong></span> <span class='ocrx_word' id='word_1_237' title='bbox 767 2435 796 2494; x_wconf 93' lang='lat' dir='ltr'><strong>in</strong></span> <span class='ocrx_word' id='word_1_238' title='bbox 805 2441 885 2506; x_wconf 87' lang='lat' dir='ltr'><strong>tecta</strong></span> <span class='ocrx_word' id='word_1_239' title='bbox 893 2417 1073 2494; x_wconf 73' lang='lat' dir='ltr'><strong>mudhirrhis&#39;</strong></span> 
     </span>
     <span class='ocr_line' id='line_1_32' title="bbox 97 2508 1071 2592; baseline 0.002 -24"><span class='ocrx_word' id='word_1_240' title='bbox 97 2508 295 2588; x_wconf 81' lang='lat' dir='ltr'><strong>nequicquam</strong></span> <span class='ocrx_word' id='word_1_241' title='bbox 309 2511 387 2570; x_wconf 89' lang='lat' dir='ltr'><strong>hello</strong></span> <span class='ocrx_word' id='word_1_242' title='bbox 397 2517 490 2592; x_wconf 81' lang='lat' dir='ltr'><strong>gesto,</strong></span> <span class='ocrx_word' id='word_1_243' title='bbox 503 2531 593 2590; x_wconf 90' lang='lat' dir='ltr'><strong>quum</strong></span> <span class='ocrx_word' id='word_1_244' title='bbox 604 2510 682 2570; x_wconf 89' lang='lat' dir='ltr'><strong>inter</strong></span> <span class='ocrx_word' id='word_1_245' title='bbox 692 2512 830 2573; x_wconf 85' lang='lat' dir='ltr'><strong>incendia</strong></span> <span class='ocrx_word' id='word_1_246' title='bbox 842 2521 877 2572; x_wconf 77' lang='lat' dir='ltr'><strong>ac</strong></span> <span class='ocrx_word' id='word_1_247' title='bbox 891 2513 988 2587; x_wconf 83' lang='lat' dir='ltr'><strong>ruinas</strong></span> <span class='ocrx_word' id='word_1_248' title='bbox 1004 2531 1071 2590; x_wconf 80' lang='lat' dir='ltr'><strong>cep-</strong></span> 
     </span>
     <span class='ocr_line' id='line_1_33' title="bbox 96 2587 1074 2669; baseline 0.002 -23"><span class='ocrx_word' id='word_1_249' title='bbox 96 2592 138 2666; x_wconf 72' lang='lat' dir='ltr'><strong>tae</strong></span> <span class='ocrx_word' id='word_1_250' title='bbox 150 2588 229 2646; x_wconf 88' lang='lat' dir='ltr'><strong>urbis</strong></span> <span class='ocrx_word' id='word_1_251' title='bbox 243 2587 315 2647; x_wconf 90' lang='lat' dir='ltr'><strong>nihil</strong></span> <span class='ocrx_word' id='word_1_252' title='bbox 335 2607 497 2669; x_wconf 85' lang='lat' dir='ltr'><strong>superesse,</strong></span> <span class='ocrx_word' id='word_1_253' title='bbox 522 2597 778 2668; x_wconf 71' lang='lat' dir='ltr'><strong>praeter&#39;armatos</strong></span> <span class='ocrx_word' id='word_1_254' title='bbox 800 2592 907 2661; x_wconf 83' lang='lat' dir='ltr'><strong>hostes,</strong></span> <span class='ocrx_word' id='word_1_255' title='bbox 928 2592 1074 2660; x_wconf 77' lang='lat' dir='ltr'><strong>viderent,</strong></span> 
     </span>
     <span class='ocr_line' id='line_1_34' title="bbox 95 2665 1073 2744; baseline 0 -18"><span class='ocrx_word' id='word_1_256' title='bbox 95 2684 152 2726; x_wconf 88' lang='lat' dir='ltr'><strong>nec</strong></span> <span class='ocrx_word' id='word_1_257' title='bbox 166 2665 323 2744; x_wconf 89' lang='lat' dir='ltr'><strong>quicquam</strong></span> <span class='ocrx_word' id='word_1_258' title='bbox 337 2675 382 2728; x_wconf 88' lang='lat' dir='ltr'><strong>tot</strong></span> <span class='ocrx_word' id='word_1_259' title='bbox 395 2667 527 2727; x_wconf 76' lang='lat' dir='ltr'><strong>cladibus</strong></span> <span class='ocrx_word' id='word_1_260' title='bbox 540 2667 669 2736; x_wconf 60' lang='lat' dir='ltr'><strong>territum</strong></span> <span class='ocrx_word' id='word_1_261' title='bbox 687 2681 742 2728; x_wconf 87' lang='lat' dir='ltr'><strong>nec</strong></span> <span class='ocrx_word' id='word_1_262' title='bbox 757 2670 883 2728; x_wconf 72' lang='lat' dir='ltr'><strong>flexrrros</strong></span> <span class='ocrx_word' id='word_1_263' title='bbox 897 2670 933 2728; x_wconf 86' lang='lat' dir='ltr'><strong>ad</strong></span> <span class='ocrx_word' id='word_1_264' title='bbox 949 2667 1073 2726; x_wconf 74' lang='lat' dir='ltr'><strong>‹terlitiu-</strong></span> 
     </span>
     <span class='ocr_line' id='line_1_35' title="bbox 72 2743 1071 2823; baseline 0 -19"><span class='ocrx_word' id='word_1_265' title='bbox 72 2807 80 2814; x_wconf 65' lang='grc'>,</span> <span class='ocrx_word' id='word_1_266' title='bbox 95 2763 164 2804; x_wconf 87' lang='lat' dir='ltr'><strong>nem</strong></span> <span class='ocrx_word' id='word_1_267' title='bbox 176 2744 296 2812; x_wconf 85' lang='lat' dir='ltr'><strong>animos,</strong></span> <span class='ocrx_word' id='word_1_268' title='bbox 307 2743 337 2802; x_wconf 93' lang='lat' dir='ltr'><strong>ni</strong></span> <span class='ocrx_word' id='word_1_269' title='bbox 348 2746 392 2803; x_wconf 82' lang='lat' dir='ltr'><strong>vis</strong></span> <span class='ocrx_word' id='word_1_270' title='bbox 405 2745 607 2812; x_wconf 83' lang='lat' dir='ltr'><strong>adhiberetur3</strong></span> <span class='ocrx_word' id='word_1_271' title='bbox 628 2746 753 2822; x_wconf 86' lang='lat' dir='ltr'><strong>experiri</strong></span> <span class='ocrx_word' id='word_1_272' title='bbox 766 2747 878 2812; x_wconf 79' lang='lat' dir='ltr'><strong>ultima,</strong></span> <span class='ocrx_word' id='word_1_273' title='bbox 888 2752 919 2804; x_wconf 89' lang='lat' dir='ltr'><strong>et</strong></span> <span class='ocrx_word' id='word_1_274' title='bbox 929 2747 1071 2823; x_wconf 83' lang='lat' dir='ltr'><strong>impetum</strong></span> 
     </span>
     <span class='ocr_line' id='line_1_36' title="bbox 96 2821 1072 2890; baseline -0.002 -8"><span class='ocrx_word' id='word_1_275' title='bbox 96 2821 195 2882; x_wconf 84' lang='lat' dir='ltr'><strong>facere</strong></span> <span class='ocrx_word' id='word_1_276' title='bbox 208 2821 239 2879; x_wconf 92' lang='lat' dir='ltr'><strong>in</strong></span> <span class='ocrx_word' id='word_1_277' title='bbox 253 2839 349 2880; x_wconf 87' lang='lat' dir='ltr'><strong>arcem</strong></span> <span class='ocrx_word' id='word_1_278' title='bbox 365 2827 506 2880; x_wconf 81' lang='lat' dir='ltr'><strong>statuunt</strong></span> <span class='ocrx_word' id='word_1_279' title='bbox 556 2821 655 2878; x_wconf 69' lang='lat' dir='ltr'><strong>Prima</strong></span> <span class='ocrx_word' id='word_1_280' title='bbox 669 2823 745 2890; x_wconf 88' lang='lat' dir='ltr'><strong>lnce,</strong></span> <span class='ocrx_word' id='word_1_281' title='bbox 759 2821 842 2890; x_wconf 70' lang='lat' dir='ltr'><strong>siquo</strong></span> <span class='ocrx_word' id='word_1_282' title='bbox 856 2823 925 2882; x_wconf 89' lang='lat' dir='ltr'><strong>dato</strong></span> <span class='ocrx_word' id='word_1_283' title='bbox 941 2824 1072 2882; x_wconf 88' lang='lat' dir='ltr'><strong>multitu·</strong></span> 
     </span>
    </p>
   </div>
   <div class='ocr_carea' id='block_1_8' title="bbox 3 2883 1075 2967">
    <p class='ocr_par' dir='ltr' id='par_1_9' title="bbox 3 2883 1075 2967">
     <span class='ocr_line' id='line_1_37' title="bbox 3 2883 1075 2967; baseline -0.005 -5"><span class='ocrx_word' id='word_1_284' title='bbox 3 2951 4 2962; x_wconf 67' lang='grc'>,</span> <span class='ocrx_word' id='word_1_285' title='bbox 67 2905 74 2920; x_wconf 81' lang='grc'><em>“</em></span> <span class='ocrx_word' id='word_1_286' title='bbox 99 2901 138 2960; x_wconf 92' lang='lat' dir='ltr'><strong>do</strong></span> <span class='ocrx_word' id='word_1_287' title='bbox 151 2883 246 2959; x_wconf 77' lang='lat' dir='ltr'><strong>om&#39;nis</strong></span> <span class='ocrx_word' id='word_1_288' title='bbox 260 2898 290 2958; x_wconf 91' lang='lat' dir='ltr'><strong>in</strong></span> <span class='ocrx_word' id='word_1_289' title='bbox 304 2900 366 2958; x_wconf 87' lang='lat' dir='ltr'><strong>foro</strong></span> <span class='ocrx_word' id='word_1_290' title='bbox 377 2900 549 2966; x_wconf 79' lang='lat' dir='ltr'><strong>instruitur3</strong></span> <span class='ocrx_word' id='word_1_291' title='bbox 570 2898 648 2967; x_wconf 86' lang='lat' dir='ltr'><strong>inde,</strong></span> <span class='ocrx_word' id='word_1_292' title='bbox 663 2895 918 2959; x_wconf 78' lang='lat' dir='ltr'><strong>clamoresubluto</strong></span> <span class='ocrx_word' id='word_1_293' title='bbox 932 2920 966 2958; x_wconf 85' lang='lat' dir='ltr'><strong>ae</strong></span> <span class='ocrx_word' id='word_1_294' title='bbox 980 2905 1075 2959; x_wconf 74' lang='lat' dir='ltr'><strong>testu-</strong></span> 
     </span>
    </p>
   </div>
   <div class='ocr_carea' id='block_1_9' title="bbox 3 2975 1073 3527">
    <p class='ocr_par' dir='ltr' id='par_1_10' title="bbox 3 2975 1073 3527">
     <span class='ocr_line' id='line_1_38' title="bbox 99 2975 1071 3054; baseline -0.006 -12"><span class='ocrx_word' id='word_1_295' title='bbox 99 2979 169 3042; x_wconf 86' lang='lat' dir='ltr'><strong>dine</strong></span> <span class='ocrx_word' id='word_1_296' title='bbox 189 2977 279 3046; x_wconf 73' lang='lat' dir='ltr'><strong>facta,</strong></span> <span class='ocrx_word' id='word_1_297' title='bbox 299 2979 445 3048; x_wconf 79' lang='lat' dir='ltr'><strong>subeunt3</strong></span> <span class='ocrx_word' id='word_1_298' title='bbox 465 2975 605 3036; x_wconf 87' lang='lat' dir='ltr'><strong>adversus</strong></span> <span class='ocrx_word' id='word_1_299' title='bbox 624 2995 697 3054; x_wconf 90' lang='lat' dir='ltr'><strong>quus</strong></span> <span class='ocrx_word' id='word_1_300' title='bbox 720 2978 843 3036; x_wconf 81' lang='lat' dir='ltr'><strong>Romani</strong></span> <span class='ocrx_word' id='word_1_301' title='bbox 867 2977 937 3036; x_wconf 86' lang='lat' dir='ltr'><strong>nihil</strong></span> <span class='ocrx_word' id='word_1_302' title='bbox 960 2977 1071 3038; x_wconf 71' lang='lat' dir='ltr'><strong>temeri</strong></span> 
     </span>
     <span class='ocr_line' id='line_1_39' title="bbox 98 3053 1073 3134; baseline -0.002 -16"><span class='ocrx_word' id='word_1_303' title='bbox 98 3075 154 3118; x_wconf 87' lang='lat' dir='ltr'><strong>nee</strong></span> <span class='ocrx_word' id='word_1_304' title='bbox 169 3064 214 3117; x_wconf 91' lang='lat' dir='ltr'><strong>tre</strong></span> <span class='ocrx_word' id='word_1_305' title='bbox 236 3055 295 3125; x_wconf 74' lang='lat' dir='ltr'><strong>ide,</strong></span> <span class='ocrx_word' id='word_1_306' title='bbox 306 3055 343 3114; x_wconf 85' lang='lat' dir='ltr'><strong>ad</strong></span> <span class='ocrx_word' id='word_1_307' title='bbox 358 3075 459 3116; x_wconf 87' lang='lat' dir='ltr'><strong>omues</strong></span> <span class='ocrx_word' id='word_1_308' title='bbox 474 3053 570 3112; x_wconf 72' lang='lat' dir='ltr'><strong>aditus</strong></span> <span class='ocrx_word' id='word_1_309' title='bbox 586 3053 757 3114; x_wconf 81' lang='lat' dir='ltr'><strong>stationibus</strong></span> <span class='ocrx_word' id='word_1_310' title='bbox 770 3055 902 3124; x_wconf 59' lang='lat' dir='ltr'><strong>firmatis</strong></span> <span class='ocrx_word' id='word_1_311' title='bbox 916 3061 975 3133; x_wconf 70' lang='lat' dir='ltr'><strong>qut</strong></span> <span class='ocrx_word' id='word_1_312' title='bbox 990 3057 1073 3134; x_wconf 69' lang='lat' dir='ltr'><strong>signa</strong></span> 
     </span>
     <span class='ocr_line' id='line_1_40' title="bbox 3 3077 1073 3214; baseline -0.001 -19"><span class='ocrx_word' id='word_1_313' title='bbox 3 3199 4 3206; x_wconf 9' lang='grc' dir='ltr'>χ</span> <span class='ocrx_word' id='word_1_314' title='bbox 98 3135 170 3195; x_wconf 80' lang='lat' dir='ltr'><strong>ferri</strong></span> <span class='ocrx_word' id='word_1_315' title='bbox 183 3077 329 3201; x_wconf 82' lang='lat' dir='ltr'><strong>videbant,</strong></span> <span class='ocrx_word' id='word_1_316' title='bbox 343 3138 378 3192; x_wconf 72' lang='lat' dir='ltr'><strong>et</strong></span> <span class='ocrx_word' id='word_1_317' title='bbox 393 3135 491 3192; x_wconf 89' lang='lat' dir='ltr'><strong>robore</strong></span> <span class='ocrx_word' id='word_1_318' title='bbox 507 3133 633 3192; x_wconf 87' lang='lat' dir='ltr'><strong>virorum</strong></span> <span class='ocrx_word' id='word_1_319' title='bbox 652 3131 784 3214; x_wconf 67' lang='lat' dir='ltr'><strong>opposite</strong></span> <span class='ocrx_word' id='word_1_320' title='bbox 797 3134 939 3193; x_wconf 82' lang='lat' dir='ltr'><strong>scandere</strong></span> <span class='ocrx_word' id='word_1_321' title='bbox 958 3135 1073 3194; x_wconf 84' lang='lat' dir='ltr'><strong>hostem</strong></span> 
     </span>
     <span class='ocr_line' id='line_1_41' title="bbox 3 3209 1071 3292; baseline -0.006 -16"><span class='ocrx_word' id='word_1_322' title='bbox 3 3219 4 3250; x_wconf 74' lang='lat'><em>³</em></span> <span class='ocrx_word' id='word_1_323' title='bbox 100 3211 201 3276; x_wconf 79' lang='lat' dir='ltr'><strong>sinunt</strong></span> <span class='ocrx_word' id='word_1_324' title='bbox 212 3233 221 3272; x_wconf 73' lang='lat' dir='ltr'><strong>t</strong></span> <span class='ocrx_word' id='word_1_325' title='bbox 241 3231 300 3290; x_wconf 91' lang='lat' dir='ltr'><strong>quo</strong></span> <span class='ocrx_word' id='word_1_326' title='bbox 310 3211 487 3282; x_wconf 84' lang='lat' dir='ltr'><strong>successerit</strong></span> <span class='ocrx_word' id='word_1_327' title='bbox 497 3211 588 3284; x_wconf 65' lang='lat' dir='ltr'><strong>magis</strong></span> <span class='ocrx_word' id='word_1_328' title='bbox 603 3209 780 3286; x_wconf 80' lang='lat' dir='ltr'><strong>inardoum,</strong></span> <span class='ocrx_word' id='word_1_329' title='bbox 791 3231 827 3271; x_wconf 92' lang='lat' dir='ltr'><strong>eo</strong></span> <span class='ocrx_word' id='word_1_330' title='bbox 837 3213 907 3290; x_wconf 87' lang='lat' dir='ltr'><strong>pelli</strong></span> <span class='ocrx_word' id='word_1_331' title='bbox 920 3231 1008 3292; x_wconf 87' lang='lat' dir='ltr'><strong>posse</strong></span> <span class='ocrx_word' id='word_1_332' title='bbox 1019 3229 1071 3290; x_wconf 92' lang='lat' dir='ltr'><strong>per</strong></span> 
     </span>
     <span class='ocr_line' id='line_1_42' title="bbox 100 3287 1071 3370; baseline -0.002 -20"><span class='ocrx_word' id='word_1_333' title='bbox 100 3291 229 3370; x_wconf 86' lang='lat' dir='ltr'><strong>proclive</strong></span> <span class='ocrx_word' id='word_1_334' title='bbox 244 3289 360 3350; x_wconf 79' lang='lat' dir='ltr'><strong>focilids</strong></span> <span class='ocrx_word' id='word_1_335' title='bbox 374 3289 439 3350; x_wconf 80' lang='lat' dir='ltr'><strong>rati.</strong></span> <span class='ocrx_word' id='word_1_336' title='bbox 457 3328 459 3332; x_wconf 83' lang='lat'><em>.</em></span> <span class='ocrx_word' id='word_1_337' title='bbox 482 3287 581 3350; x_wconf 84' lang='lat' dir='ltr'><strong>Medio</strong></span> <span class='ocrx_word' id='word_1_338' title='bbox 594 3288 655 3348; x_wconf 89' lang='lat' dir='ltr'><strong>fere</strong></span> <span class='ocrx_word' id='word_1_339' title='bbox 665 3290 741 3350; x_wconf 87' lang='lat' dir='ltr'><strong>clivo</strong></span> <span class='ocrx_word' id='word_1_340' title='bbox 751 3289 907 3350; x_wconf 80' lang='lat' dir='ltr'><strong>restitere:</strong></span> <span class='ocrx_word' id='word_1_341' title='bbox 928 3297 1016 3367; x_wconf 85' lang='lat' dir='ltr'><strong>atque</strong></span> <span class='ocrx_word' id='word_1_342' title='bbox 1027 3289 1071 3348; x_wconf 90' lang='lat' dir='ltr'><strong>in·</strong></span> 
     </span>
     <span class='ocr_line' id='line_1_43' title="bbox 100 3367 1070 3449; baseline -0.002 -20"><span class='ocrx_word' id='word_1_343' title='bbox 100 3371 139 3430; x_wconf 88' lang='lat' dir='ltr'><strong>de</strong></span> <span class='ocrx_word' id='word_1_344' title='bbox 149 3391 185 3429; x_wconf 85' lang='lat' dir='ltr'><strong>ex</strong></span> <span class='ocrx_word' id='word_1_345' title='bbox 200 3371 264 3430; x_wconf 91' lang='lat' dir='ltr'><strong>loco</strong></span> <span class='ocrx_word' id='word_1_346' title='bbox 277 3370 434 3448; x_wconf 89' lang='lat' dir='ltr'><strong>superiore,</strong></span> <span class='ocrx_word' id='word_1_347' title='bbox 444 3370 494 3449; x_wconf 92' lang='lat' dir='ltr'><strong>qui</strong></span> <span class='ocrx_word' id='word_1_348' title='bbox 505 3367 596 3448; x_wconf 70' lang='lat' dir='ltr'><strong>propi</strong></span> <span class='ocrx_word' id='word_1_349' title='bbox 609 3372 663 3427; x_wconf 68' lang='lat' dir='ltr'><strong>suti</strong></span> <span class='ocrx_word' id='word_1_350' title='bbox 677 3389 690 3428; x_wconf 88' lang='lat' dir='ltr'><strong>s</strong></span> <span class='ocrx_word' id='word_1_351' title='bbox 712 3373 780 3428; x_wconf 89' lang='lat' dir='ltr'><strong>onte</strong></span> <span class='ocrx_word' id='word_1_352' title='bbox 793 3369 825 3428; x_wconf 93' lang='lat' dir='ltr'><strong>in</strong></span> <span class='ocrx_word' id='word_1_353' title='bbox 837 3369 950 3427; x_wconf 83' lang='lat' dir='ltr'><strong>hostem</strong></span> <span class='ocrx_word' id='word_1_354' title='bbox 965 3367 1070 3428; x_wconf 81' lang='lat' dir='ltr'><strong>infore·</strong></span> 
     </span>
     <span class='ocr_line' id='line_1_44' title="bbox 100 3389 1072 3527; baseline -0.002 -21"><span class='ocrx_word' id='word_1_355' title='bbox 100 3448 160 3516; x_wconf 79' lang='lat' dir='ltr'><strong>but,</strong></span> <span class='ocrx_word' id='word_1_356' title='bbox 178 3447 288 3526; x_wconf 89' lang='lat' dir='ltr'><strong>impetu</strong></span> <span class='ocrx_word' id='word_1_357' title='bbox 310 3447 398 3518; x_wconf 75' lang='lat' dir='ltr'><strong>sacto,</strong></span> <span class='ocrx_word' id='word_1_358' title='bbox 419 3445 515 3527; x_wconf 73' lang='lat' dir='ltr'><strong>strage</strong></span> <span class='ocrx_word' id='word_1_359' title='bbox 528 3465 563 3507; x_wconf 89' lang='lat' dir='ltr'><strong>ac</strong></span> <span class='ocrx_word' id='word_1_360' title='bbox 577 3446 663 3506; x_wconf 66' lang='lat' dir='ltr'><strong>ruint</strong></span> <span class='ocrx_word' id='word_1_361' title='bbox 682 3389 784 3506; x_wconf 74' lang='lat' dir='ltr'><strong>tildere</strong></span> <span class='ocrx_word' id='word_1_362' title='bbox 808 3445 929 3506; x_wconf 80' lang='lat' dir='ltr'><strong>Gallos:</strong></span> <span class='ocrx_word' id='word_1_363' title='bbox 951 3453 984 3505; x_wconf 90' lang='lat' dir='ltr'><strong>ut</strong></span> <span class='ocrx_word' id='word_1_364' title='bbox 998 3465 1072 3504; x_wconf 78' lang='lat' dir='ltr'><strong>nun·</strong></span> 
     </span>
    </p>
   </div>
   <div class='ocr_carea' id='block_1_10' title="bbox 3 3523 1072 3770">
    <p class='ocr_par' dir='ltr' id='par_1_11' title="bbox 3 3523 1072 3770">
     <span class='ocr_line' id='line_1_45' title="bbox 79 3523 1072 3606; baseline -0.002 -23"><span class='ocrx_word' id='word_1_365' title='bbox 79 3541 82 3549; x_wconf 90' lang='grc'><strong>’</strong></span> <span class='ocrx_word' id='word_1_366' title='bbox 102 3543 188 3604; x_wconf 86' lang='lat' dir='ltr'><strong>quam</strong></span> <span class='ocrx_word' id='word_1_367' title='bbox 201 3537 301 3602; x_wconf 83' lang='lat' dir='ltr'><strong>postea</strong></span> <span class='ocrx_word' id='word_1_368' title='bbox 316 3547 369 3585; x_wconf 82' lang='lat' dir='ltr'><strong>ner</strong></span> <span class='ocrx_word' id='word_1_369' title='bbox 384 3547 462 3606; x_wconf 85' lang='lat' dir='ltr'><strong>pars,</strong></span> <span class='ocrx_word' id='word_1_370' title='bbox 486 3525 540 3584; x_wconf 89' lang='lat' dir='ltr'><strong>nec</strong></span> <span class='ocrx_word' id='word_1_371' title='bbox 554 3523 683 3584; x_wconf 86' lang='lat' dir='ltr'><strong>universi</strong></span> <span class='ocrx_word' id='word_1_372' title='bbox 696 3524 875 3585; x_wconf 84' lang='lat' dir='ltr'><strong>tentaverint</strong></span> <span class='ocrx_word' id='word_1_373' title='bbox 894 3523 954 3584; x_wconf 83' lang='lat' dir='ltr'><strong>tale</strong></span> <span class='ocrx_word' id='word_1_374' title='bbox 966 3541 1072 3602; x_wconf 74' lang='lat' dir='ltr'><strong>pugnae</strong></span> 
     </span>
     <span class='ocr_line' id='line_1_46' title="bbox 3 3600 1070 3683; baseline -0.003 -22"><span class='ocrx_word' id='word_1_375' title='bbox 3 3665 4 3678; x_wconf 12' lang='grc' dir='ltr'>χ</span> <span class='ocrx_word' id='word_1_376' title='bbox 97 3617 201 3682; x_wconf 85' lang='lat' dir='ltr'><strong>¹genus.</strong></span> <span class='ocrx_word' id='word_1_377' title='bbox 241 3605 356 3670; x_wconf 64' lang='lat' dir='ltr'><strong>Omissis</strong></span> <span class='ocrx_word' id='word_1_378' title='bbox 370 3605 469 3683; x_wconf 87' lang='lat' dir='ltr'><strong>itaque</strong></span> <span class='ocrx_word' id='word_1_379' title='bbox 491 3623 543 3682; x_wconf 89' lang='lat' dir='ltr'><strong>spe</strong></span> <span class='ocrx_word' id='word_1_380' title='bbox 557 3623 609 3682; x_wconf 89' lang='lat' dir='ltr'><strong>per</strong></span> <span class='ocrx_word' id='word_1_381' title='bbox 628 3603 687 3662; x_wconf 85' lang='lat' dir='ltr'><strong>vim</strong></span> <span class='ocrx_word' id='word_1_382' title='bbox 708 3610 797 3682; x_wconf 83' lang='lat' dir='ltr'><strong>etque</strong></span> <span class='ocrx_word' id='word_1_383' title='bbox 817 3621 898 3662; x_wconf 86' lang='lat' dir='ltr'><strong>arma</strong></span> <span class='ocrx_word' id='word_1_384' title='bbox 916 3600 1070 3674; x_wconf 75' lang='lat' dir='ltr'><strong>subeundi,</strong></span> 
     </span>
     <span class='ocr_line' id='line_1_47' title="bbox 102 3677 1070 3770; baseline -0.003 -30"><span class='ocrx_word' id='word_1_385' title='bbox 102 3679 282 3744; x_wconf 86' lang='lat' dir='ltr'><strong>obsidionem</strong></span> <span class='ocrx_word' id='word_1_386' title='bbox 305 3688 426 3764; x_wconf 78' lang='lat' dir='ltr'><strong>parent:</strong></span> <span class='ocrx_word' id='word_1_387' title='bbox 448 3683 532 3762; x_wconf 88' lang='lat' dir='ltr'><strong>cujus</strong></span> <span class='ocrx_word' id='word_1_388' title='bbox 551 3681 591 3744; x_wconf 86' lang='lat' dir='ltr'><strong>ad</strong></span> <span class='ocrx_word' id='word_1_389' title='bbox 616 3679 648 3742; x_wconf 87' lang='lat' dir='ltr'><strong>id</strong></span> <span class='ocrx_word' id='word_1_390' title='bbox 673 3686 791 3761; x_wconf 89' lang='lat' dir='ltr'><strong>tempus</strong></span> <span class='ocrx_word' id='word_1_391' title='bbox 814 3677 1010 3770; x_wconf 74' lang='lat' dir='ltr'><strong>immemores,</strong></span> <span class='ocrx_word' id='word_1_392' title='bbox 1031 3681 1070 3747; x_wconf 80' lang='lat' dir='ltr'><strong>et,</strong></span> 
     </span>
    </p>
   </div>
   <div class='ocr_carea' id='block_1_11' title="bbox 555 3807 636 3864">
    <p class='ocr_par' dir='ltr' id='par_1_12' title="bbox 555 3807 636 3864">
     <span class='ocr_line' id='line_1_48' title="bbox 555 3807 636 3864; baseline -0.025 -16"><span class='ocrx_word' id='word_1_393' title='bbox 555 3837 556 3841; x_wconf 69' lang='lat'><em>=</em></span> <span class='ocrx_word' id='word_1_394' title='bbox 597 3807 636 3864; x_wconf 30' lang='grc' dir='ltr'>ιιι-ι</span> 
     </span>
    </p>
   </div>
   <div class='ocr_carea' id='block_1_12' title="bbox 596 3923 615 3951">
    <p class='ocr_par' dir='ltr' id='par_1_13' title="bbox 596 3923 615 3951">
     <span class='ocr_line' id='line_1_49' title="bbox 596 3923 615 3951; baseline 0 0"><span class='ocrx_word' id='word_1_395' title='bbox 596 3923 615 3951; x_wconf 56' lang='lat' dir='ltr'>N</span> 
     </span>
    </p>
   </div>
   <div class='ocr_carea' id='block_1_13' title="bbox 745 3887 789 3906">
    <p class='ocr_par' dir='ltr' id='par_1_14' title="bbox 745 3887 789 3906">
     <span class='ocr_line' id='line_1_50' title="bbox 745 3887 789 3906; baseline -0.045 0"><span class='ocrx_word' id='word_1_396' title='bbox 745 3887 789 3906; x_wconf 59' lang='lat' dir='ltr'><strong>tha</strong></span> 
     </span>
    </p>
   </div>
   <div class='ocr_carea' id='block_1_14' title="bbox 0 0 1190 4116">
    <p class='ocr_par' dir='ltr' id='par_1_15' title="bbox 0 0 1190 4116">
     <span class='ocr_line' id='line_1_51' title="bbox 0 0 1190 4116; baseline 0 0"><span class='ocrx_word' id='word_1_397' title='bbox 0 0 1190 4116; x_wconf 95' lang='lat' dir='ltr'><strong> </strong></span> 
     </span>
    </p>
   </div>
  </div>
 </body>
</html>
