2394 4138
524 179 654 246 LIBER
673 179 715 244 11.
1064 185 1106 244 .δῖ

128 337 362 424 pitio'utebetur'·
377 340 452 402 Attii
465 339 558 400 Tulli.
597 339 699 420 Longe
722 339 749 400 is
766 344 830 400 tum
843 337 984 420 princeps
997 335 1099 400 Volsci

127 421 254 484 nominis
269 429 340 493 erat,
358 420 558 498 Romanisque
572 437 688 498 semper
699 417 826 480 infestus
838 439 847 489 ;
866 420 913 482 ita
922 437 1015 497 quum
1028 417 1101 476 alte-

129 519 196 558 rum
211 507 297 562 vetus
320 499 429 570 odium,
450 499 576 558 alterum
597 499 641 556 ira
664 517 766 558 recens
786 497 961 568 stimularet,
982 495 1107 556 consilia

125 578 288 640 censerunt
308 579 346 640 de
371 581 504 644 Romano
523 577 609 636 belle.
651 576 736 636 llaud
751 575 838 636 facile
861 575 1031 645 credebant,
1043 574 1108 653 ple·

127 655 196 716 bem
209 677 293 718 suam
313 658 428 736 impelli
448 675 542 734 posse,
563 661 597 714 ut
610 654 698 714 toties
719 653 877 716 infeliciter
896 659 1010 716 tenuta
1024 669 1107 712 arma

129 745 294 814 caperent;
314 737 415 796 multis
437 753 517 814 saepe
532 732 625 802 bellis,
644 733 814 812 pestilentis
835 732 983 814 postremi>
995 731 1107 792 amissa

113 814 296 906 -jurerrtute,
318 815 425 874 fractos
446 813 566 892 spiritus
587 831 669 872 esse:
691 813 921 902 artcagendum
945 811 976 870 in
990 809 1106 870 exoleto

123 912 189 971 Jsm
212 897 360 954 vetustate
384 891 467 960 odio,·
484 895 517 950 ut
533 891 651 950 recenti
671 889 773 970 aliqua
796 895 841 950 rra
861 890 1110 950 exacerbarentur.

128 970 223 1030 animi
430 1008 431 1011 =
463 996 469 1004 ‘
555 973 795 1106 Ὴὸίρψήζρ
843 963 1029 1032 ,ta-urta

135 1057 137 1062 '
172 1047 314 1110 XXXVI,
334 1048 414 1109 Ludi
426 1048 500 1109 forle
514 1068 551 1108 ex
565 1049 610 1109 ins
625 1045 776 1108 auratlcne
790 1067 837 1118 ma
879 1048 1006 1108 iRomae
1026 1065 1108 1126 para·

131 1117 263 1200 bantur;
284 1127 463 1188 instaurandi
487 1127 552 1186 haec
577 1146 665 1188 causa
689 1125 793 1187 fuerat
862 1127 928 1188 udis
949 1126 1105 1186 manuscr·

127 1223 200 1263 rum
214 1205 333 1284 quidam
352 1205 566 1284 paterficmilire
587 1204 718 1265 nondum
743 1205 1106 1285 cmmmmpectaoule,

127 1283 186 1342 sub
201 1283 282 1344 furca
297 1304 407 1347 caesum
429 1285 526 1351 medio
547 1288 647 1364 egerat
661 1284 760 1344 circo:
783 1285 875 1364 ccepti
888 1285 959 1346 inde
973 1281 1045 1354 ludi,
1057 1305 1108 1344 ve·

129 1359 177 1420 lut
190 1381 225 1421 ea
239 1383 286 1422 res
300 1359 370 1422 nihil
393 1362 429 1422 ud
444 1363 614 1444 religionem
628 1362 834 1441 pertinuisset
875 1363 965 1422 Haud
977 1362 1020 1422 ita
1034 1363 1108 1422 mul·

130 1439 163 1498 te
173 1445 250 1520 pust,
261 1442 310 1500 Ti.
323 1440 444 1519 Atinio„
454 1441 492 1500 rlc
505 1442 590 1521 plebe
604 1440 725 1512 homini,
751 1441 896 1502 somnium
909 1440 976 1502 fuit.
1016 1439 1122 1501 Visus·

128 1519 247 1599 Jupiter
270 1519 379 1590 dicere,
406 1528 435 1568 “⁶
449 1518 510 1579 Sibi
534 1519 613 1578 ludis
636 1519 875 1597 praesultatorem
900 1517 1108 1598 displicuisse3

129 1598 187 1658 uisi
202 1597 356 1680 magnifice
377 1599 613 1676 instaurarentur
625 1597 655 1658 bi
679 1597 750 1667 ludi,
763 1597 927 1678 periculum
951 1597 1014 1657 urbi
1028 1596 1107 1658 fore:

131 1675 197 1746 iret,
215 1695 250 1736 ea
264 1679 432 1738 consulibus
446 1675 625 1756 nunciaret?
664 1675 838 1754 Quanquam
852 1676 929 1736 haurl
950 1677 1021 1738 sane
1035 1677 1109 1737 liber

129 1763 195 1816 erat
207 1755 348 1836 religione
362 1755 485 1824 animus,
509 1754 688 1814 verecundia
699 1763 800 1815 tamen
821 1753 984 1835 majestatis
1004 1755 1109 1834 inagis·

56 1849 61 1861 '
130 1839 261 1894 tratuum
275 1836 411 1894 timorem
423 1833 507 1904 uicit,
520 1853 558 1892 ne
571 1831 602 1892 in
616 1851 666 1892 era
682 1832 830 1892 bominum
845 1853 898 1914 pro
913 1833 1037 1905 ludibrio
1050 1832 1109 1892 abi-

126 1917 187 1973 ret.
226 1911 338 1994 Magno
359 1913 403 1973 illi
425 1932 460 1972 en
480 1910 633 1992 cunctatio
654 1911 747 1982 stetit,
768 1910 860 1972 lilium
883 1914 1009 1990 iramque
1031 1911 1109 1972 intra

129 2011 240 2071 paucus
254 1991 318 2052 dies
337 1991 454 2052 amisit:
476 1989 559 2070 cujus
574 1990 739 2070 repentinae
754 1989 847 2050 cladis
861 2010 899 2050 uc
913 2006 1006 2050 eaurss‘
1019 1990 1108 2054 dubia

128 2077 221 2138 esset,
242 2090 320 2149 aegro
334 2070 423 2130 animi
437 2068 539 2129 eadem
562 2068 614 2128 ills
632 2069 662 2128 in
688 2067 798 2128 somnis
819 2072 970 2130 obversata
992 2069 1107 2150 species

130 2147 197 2206 visa
218 2155 264 2206 est
285 2149 418 2228 rogitare,
438 2146 567 2207 “Satin''
587 2167 722 2228 magnam
744 2149 835 2227 spreti
855 2149 1008 2208 “numinis
1023 2149 1108 2208 babe-

132 2232 181 2284 ret
190 2225 353 2285 mercedem
365 2227 381 2283 l
430 2227 535 2305 'jerem
549 2224 667 2296 instare,
680 2227 711 2285 ni
723 2235 771 2286 eat
784 2247 917 2306 propere,
930 2247 964 2286 ae
979 2227 1102 2289 nunciet

134 2303 330 2362 consulibus?
366 2305 431 2364 Jam
445 2303 618 2382 prasentior
639 2325 685 2364 res
704 2311 783 2366 erut:
804 2311 994 2366 cunctantem
1007 2315 1107 2366 tumen

132 2399 169 2440 ac
185 2382 380 2460 prolatantem
395 2381 498 2459 ingens
512 2381 556 2440 vis
569 2383 660 2442 morbi
674 2383 778 2444 adorta
799 2392 846 2446 est
865 2383 1016 2446 debilitate
1031 2385 1115 2462 subi,

134 2464 179 2523 ta.
222 2459 299 2520 Tum
314 2460 464 2520 enimvero
485 2461 613 2520 Deorum
638 2461 681 2522 ira
702 2462 874 2523 admonuit:
901 2461 998 2522 fessus
1020 2453 1108 2542 igilur·

134 2538 221 2598 malis
235 2537 394 2618 praeteritis
413 2539 659 2619 instantibusque,
681 2541 803 2606 consilio
818 2541 1045 2622 propinquorum
1057 2542 1109 2602 ad·
1175 2593 1176 2602 ,

127 2615 223 2758 ΨΟ
237 2637 326 2696 quum
346 2617 409 2676 visa
423 2623 511 2696 atque
532 2619 641 2688 audita,
662 2624 693 2679 et
706 2621 889 2682 obuersatum
904 2619 991 2680 toties
1005 2641 1107 2682 senune

151 2716 244 2766 ovem,
258 2697 351 2756 minas
374 2696 491 2774 irasque
506 2698 655 2766 ecelesias,
668 2703 895 2777 repraesentatas
909 2700 1023 2758 casibus
1037 2700 1107 2771 suis,

132 2775 317 2854 exposuisset
325 2795 333 2844 ;
354 2793 501 2834 consensu
526 2775 595 2834 inde
616 2775 693 2833 haud
715 2775 803 2834 dubio
823 2777 962 2844 omnium,
975 2775 1026 2853 qui
1039 2777 1107 2838 ade·

133 2859 208 2923 rant,
222 2853 251 2912 iu
267 2853 361 2912 lerum
375 2851 413 2914 ad
426 2849 564 2930 consules
577 2853 686 2912 lectict
700 2852 832 2912 adfertur
840 2873 851 2922 ;
869 2852 939 2912 inde
952 2853 1104 2914 incuriam

127 2934 212 3011 jussu
229 2931 382 3008 consulum
396 2931 523 2998 deletus,
535 2923 711 3006 eed'e'rii‘illa
732 2949 822 3009 quum
845 2931 979 2992 Patribus
992 2929 1022 2990 in
1044 2936 1106 2995 enti

132 3009 263 3070 omnium
286 3008 480 3068 admiratione
504 3013 672 3068 enarrasset
680 3027 689 3079 3
717 3029 787 3070 ecce
810 3008 891 3070 aliud
915 2953 1105 3074 nriraculumr
1135 3076 1137 3078 ,

55 3078 62 3090 ’
79 3107 81 3112 ·
134 3089 184 3168 qui
199 3095 304 3167 captus
318 3083 452 3146 omnibus
466 3085 603 3146 membris
625 3085 741 3147 delatus
754 3087 785 3146 iu
807 3087 917 3148 curiam
931 3095 1020 3164 esset,
1039 3111 1105 3154 eum

85 3169 86 3176 ’
132 3167 267 3227 iunctum
282 3163 377 3226 officio
391 3163 514 3245 pellibus
529 3165 590 3234 suis
603 3163 720 3226 deinum
742 3163 876 3240 rediisse,
891 3168 1031 3230 traditum
1045 3192 1104 3232 me·
1126 3205 1130 3214 ·

134 3247 237 3307 mruiae
251 3249 305 3306 est.
413 3249 436 3266 ’·
591 3261 593 3266 ’
732 3258 743 3271 ‘

172 3323 329 3384 XXXVll.
350 3321 430 3382 Ludi
443 3321 532 3401 quim
546 3323 718 3404 amplissimi
739 3325 773 3384 ut
786 3325 900 3398 fierent,
913 3320 1034 3388 senatus
1056 3329 1106 3390 dc-

134 3403 242 3470 crevit
275 3403 324 3462 Ad
339 3423 390 3464 cos
404 3402 499 3475 ludes,
513 3408 631 3462 auctore
644 3403 728 3462 Attio
742 3405 841 3474 Tullo,
854 3406 899 3464 vis
908 3423 1013 3482 magna
1022 3407 1108 3470 Vols-

135 3499 235 3540 corum
249 3481 339 3542 venit.
378 3479 553 3560 Priusquam
574 3481 829 3543 committerentur
848 3483 921 3553 ludi,
944 3483 1108 3556 Tullusur

135 3557 216 3616 demi
229 3559 417 3640 compositum
440 3579 507 3618 cum
528 3557 644 3618 Marcie
664 3560 769 3629 suerat,
788 3559 826 3620 all
848 3561 984 3622 consules
1006 3563 1105 3620 venit:
1175 3607 1176 3612 κ

135 3634 212 3697 dicit
224 3655 300 3709 esse,
315 3657 381 3720 quae
397 3637 513 3700 reor-eru
533 3637 672 3727 agereflde
687 3638 847 3718 republica
858 3639 940 3712 velit.
980 3635 1106 3744 Arbitrip
1175 3687 1176 3690 ,

585 3747 622 3776 ι”κ
636 3741 681 3776 ‘3⁹³⁴
705 3739 725 3768 ’ψ
1102 3743 1105 3750 “

539 3815 541 3822 ¹
791 3821 793 3826 ¹
874 3822 877 3828 ι

487 3830 490 3839 Ι
622 3843 624 3848 ι

454 3861 498 3882 κ..
523 3859 527 3866 ⁴
559 3850 572 3868 ’ἢ
608 3847 612 3855 ⁴
691 3855 694 3860 '
770 3831 801 3876 J!
824 3851 832 3870 1'
865 3863 868 3870 t

745 3905 748 3912 ,
