2372 4116
507 199 633 270 LIBER
652 207 689 268 t.
1031 209 1091 268 aar
1121 249 1126 264 .

871 288 911 329 ,a

632 321 647 332 μ
816 315 831 343 ,,

153 369 200 432 im
213 363 251 431 ad
264 364 445 431 medla'bella
456 363 557 428 haberi
570 364 674 426 soirtus
687 373 760 434 eret,
771 364 981 440 (extenuantes
990 363 1083 426 etiam
1142 386 1146 394 ¹

123 469 219 510 amara
231 447 312 526 belli)
326 447 478 516 habebant.
530 443 653 504 Interim
667 442 757 512 Galli,
768 437 920 523 postquam
933 444 1084 523 accepere,

109 527 190 589 ultro
199 527 337 590 honorem
349 525 479 588 habiturn
489 521 678 583 violatoribus
687 522 763 616 juris
777 521 902 593 humani,
911 522 1083 596 elusamque

108 602 286 686 legationem
309 624 392 666 suam
414 623 489 672 esse,
506 601 664 681 flagrantes
688 603 742 670 nt,
765 603 849 680 cujus
870 601 1016 680 impotens
1036 606 1086 660 est

110 702 193 764 gens,
203 683 359 744 confestim
373 681 465 762 signis
478 670 636 748 convulsis,
649 679 740 739 citato
757 677 875 772 agmine
887 679 945 738 iter
956 677 1088 759 ingredi·

109 769 207 822 untur.
246 761 298 820 Ad
331 779 435 820 uorum
447 757 691 840 praetereuntium
705 763 812 836 raptrm
824 757 981 830 tumultum
992 775 1086 835 quam

107 839 260 900 exterritae
281 858 300 897 u
354 837 519 898 sadanma
538 842 756 905 concurrerent,
777 835 905 914 fugaque
925 834 1085 915 agrestium

108 915 196 978 fieret
209 917 334 978 Romam
347 936 379 978 se
389 917 443 986 ire,
452 933 557 992 magno
569 914 698 974 clamore
708 913 933 993 significatorum
954 933 1086 1006 quacun·

109 1011 169 1074 que
182 996 274 1065 ibant,
292 995 376 1073 equis
389 994 518 1074 virisque
531 993 618 1074 longe
631 1013 665 1051 ac
676 991 737 1054 late
750 991 817 1052 fuso
833 992 952 1072 agmine
965 1011 1088 1054 rmmen-

110 1073 364 1134 sum'obtinentes
384 1071 452 1132 loci.
501 1071 573 1143 Sed,
593 1069 789 1132 antecedente
811 1069 890 1130 tamt
908 1070 1086 1150 nunciisque

111 1149 312 1223 Clusinorum,
333 1149 476 1229 deinceps
496 1149 567 1210 inde
583 1147 707 1208 aliorum
741 1148 905 1228 opulorum,
929 1149 1088 1229 plurimum

110 1229 231 1289 terroris
245 1228 368 1289 Romam
383 1227 519 1288 celeritas
539 1227 668 1288 hostium
682 1169 770 1296 tuin
789 1227 897 1308 quippe
911 1228 1026 1307 quibos,
1038 1223 1091 1290 vel

108 1306 156 1366 lut
170 1306 360 1367 tumultuario
373 1305 504 1367 exercitu
519 1305 625 1384 raptim
639 1305 738 1373 ducto,
753 1305 830 1384 aegrt
844 1306 882 1365 ad
896 1305 1087 1368 undecimum

109 1384 239 1464 lapidem
253 1405 409 1458 occursum
420 1391 477 1453 est,
489 1389 549 1518 rpus
563 1383 672 1442 damen
686 1383 777 1450 Allia,
793 1383 993 1445 Gmstuminis
1007 1405 1088 1446 mon-

109 1463 188 1524 tibus
200 1464 326 1544 preealto
339 1461 472 1520 defluens
485 1477 503 1518 a
516 1478 579 1528 veo,
591 1459 668 1517 haud
679 1459 803 1518 multum
817 1458 895 1519 infra
907 1463 985 1521 viam
999 1463 1088 1524 Tibe·

110 1541 177 1600 rino
189 1539 269 1602 arnni
291 1539 439 1599 miscetur.
486 1537 553 1599 Jarn
566 1536 664 1598 omnia
677 1537 781 1596 contri
802 1538 942 1616 circaque
960 1541 1087 1601 hostium

110 1618 201 1698 plena
213 1624 306 1687 erant,
318 1623 350 1678 et
362 1622 432 1676 nata
445 1616 475 1678 in
489 1635 581 1676 vanos
593 1613 737 1675 turnultus
750 1617 916 1698 genstrnci
927 1625 1016 1678 cantu
1027 1620 1088 1682 cla·

107 1697 238 1756 moribus
261 1715 297 1756 ue
311 1693 409 1764 variis,
418 1691 564 1756 horrendo
573 1699 682 1754 cuncta
695 1695 914 1775 compleverant
927 1715 1007 1758 sono.

150 1715 322 1834 xxxirrr.
343 1772 387 1833 lbi
399 1771 509 1832 tribuni
522 1771 658 1841 militum,
671 1791 729 1832 non
743 1775 809 1832 loco
822 1775 927 1836 eastris
938 1777 1007 1836 antri
1018 1799 1086 1859 cap·

108 1857 151 1924 to,
163 1871 223 1912 non
237 1851 415 1932 praemunito
427 1851 515 1921 vallo,
527 1850 587 1928 quo
608 1857 745 1930 receptus
766 1860 857 1922 esset,
880 1873 939 1914 non
954 1855 1083 1918 Deorum

110 1933 225 2001 saltem,
238 1930 263 1992 si
276 1951 335 1991 non
348 1929 508 1998 hominum,
519 1947 673 2000 memores,
685 1949 741 1990 nec
755 1930 914 2022 auspicato,
925 1953 980 1994 neo
992 1935 1086 2006 litato,

29 2023 38 2030 “
91 2007 96 2020 '
109 2010 260 2070 instruunt
279 2009 372 2073 aciem
386 2007 544 2068 deductam
554 2007 589 2070 in
602 2027 720 2078 cornua,
740 2029 778 2069 ne
792 2012 996 2074 circumveniri
1010 2015 1086 2074 mul*-

109 2082 237 2150 titudin‘e
251 2087 379 2150 hostium
399 2093 539 2167 possent;
567 2106 622 2147 nec
637 2092 738 2148 tamen
752 2089 864 2164 aeouari
878 2089 989 2151 frontes
1004 2097 1086 2171 pote-

109 2173 282 2246 rant,qnum
293 2163 481 2226 extenuando
491 2165 635 2232 infirmam
648 2171 679 2224 et
689 2166 738 2225 vix
749 2167 947 2228 cohoerentem
955 2171 1085 2233 mediam

1 2293 3 2319 ,
110 2241 203 2304 aciem
217 2245 365 2304 haberent.
418 2243 542 2302 Paulum
555 2251 619 2303 erat
639 2245 676 2302 ab
696 2243 802 2304 dextra
822 2246 895 2306 editi
916 2247 982 2318 loci,
995 2270 1085 2328 quem

109 2321 291 2383 subsidiariis
304 2321 413 2400 repleri
426 2321 557 2400 placuit3
577 2339 671 2398 enque
684 2339 740 2392 res,
753 2328 786 2381 ut
798 2323 914 2384 initium
928 2327 1086 2405 pauorisac

1 3181 2 3226 ἶ
112 3181 260 3243 lamniuum
271 3178 431 3249 oblinunt
441 3199 489 3238 mu

108 2401 201 2481 lugae,
214 2399 257 2460 sic
270 2419 330 2460 una
344 2399 423 2458 salus
436 2397 615 2487 fugientibus
628 2398 691 2458 fuit.
744 2397 823 2461 Nam
837 2403 986 2474 Brennus,
1001 2425 1087 2487 regu·

1 2507 2 2534 r
109 2480 157 2538 lus
171 2477 333 2546 Gallorum,
346 2476 377 2536 in
397 2482 546 2557 paucitate
568 2475 694 2536 hostiurn
715 2483 808 2539 ortem
830 2479 955 2541 maxime
968 2485 1086 2556 timens,
1182 2525 1183 2530 κ

109 2562 190 2618 ratus
203 2555 284 2616 adid
298 2560 416 2634 captum
430 2555 608 2636 superiorem
622 2555 730 2625 locum,
740 2563 783 2628 ut,
796 2559 842 2618 ulai
853 2559 1009 2622 Gallicum
1020 2567 1086 2626 acie

109 2635 256 2715 legionum
270 2639 353 2694 recti
367 2632 464 2694 fronte
478 2633 744 2705 concucurrissent,
765 2637 897 2700 subsidia
918 2639 949 2700 in
966 2639 1085 2704 aversos

109 2718 349 2803 transversosque
368 2709 515 2803 impeturn
525 2712 640 2781 darent,
651 2713 698 2806 ad
713 2714 901 2808 supsidiarips
919 2717 1003 2810 signa
1016 2739 1086 2782 con-

109 2795 218 2881 vertrte
239 2809 265 2854 ει
276 2807 328 2849 eos
341 2791 406 2848 loco
416 2789 589 2879 depulisset,
602 2789 679 2847 lraud
691 2790 935 2884 dubrnsdacrlem
949 2817 980 2856 m
996 2818 1021 2856 ae
1045 2815 1083 2858 uo

110 2819 1084 3015 rudisrationandusuam{notia
1144 2933 1146 2938 1

110 2967 204 3086 iiiia
216 3024 279 3084 acie
293 3022 363 3082 nihil
378 2987 474 3083 simile
486 3021 639 3093 Romanis,
650 2987 709 3084 ion
723 3025 802 3104 apud
811 3025 914 3098 duces,
929 3047 988 3091 non
1001 2975 1083 3114 apud¹

110 3103 231 3173 milites,
243 3107 322 3170 erat;
342 3116 434 3194 paror
453 3099 798 3239 fupppppappcupavprat
810 3103 932 3245 apirnhpp,
944 3114 976 3200 et
996 3115 1082 3174 tenta

110 3277 270 3340 em‚quum
291 3255 408 3319 Tiberis
420 3265 543 3326 arceret,
553 3197 875 3338 qujimpimectoeitoiln'iie
896 3193 1082 3331 Riiiinmuilil·

112 3341 250 3419 conjuges
263 3357 299 3397 ac
312 3335 417 3397 liberos
432 3335 574 3418 fugerent.
625 3337 786 3418 Parnmper
800 3341 988 3403 subsidiarios
1000 3347 1081 3410 tuta.

109 3419 217 3478 tuaest
228 3417 325 3487 locus3
343 3413 373 3474 in
384 3414 498 3496 reliqua
510 3414 573 3476 acie
587 3415 676 3474 simol
688 3423 735 3478 est
748 3417 867 3488 clamor,
888 3411 1027 3500 proxiuiis
1040 3429 1079 3489 ala
1181 3487 1182 3492 ,

111 3493 214 3564 latere,
223 3493 381 3570 ultimisab
393 3499 485 3575 tergo,
497 3492 624 3563 auditus,
636 3493 768 3574 ignotum
780 3496 894 3557 hostem
905 3499 987 3578 pride
1000 3507 1079 3582 pend

111 3569 200 3712 poam
213 3572 356 3714 riderplnt,
375 3569 544 3712 nonddrptpdd
556 3577 765 3714 peon·te·ntantp
785 3575 958 3652 certamine,
971 3581 1025 3640 sed
1037 3603 1077 3646 ne

110 3667 287 3736 ⁴ararorequ
320 3669 367 3714 ern
386 3669 419 3712 rc
440 3729 470 3787 X
484 3669 556 3790 9,ιιι
586 3669 633 3732 gn
647 3651 970 3734 mtootrquefugemnt.
1007 3657 1075 3726 Neo
1180 3717 1181 3724 ,
