2388 4120
410 307 429 316 Η
516 239 555 302 Τ.
574 239 690 304 lerr,

159 401 241 466 LIV.
260 399 413 469 facerent,
436 403 472 459 nt
483 395 607 470 vellent,
625 395 864 490 permittentibus
880 397 1009 470 cunetis,
1023 413 1103 468 mox¹

117 481 265 544 redituros
277 497 309 538 se
319 476 410 554 legati
423 477 509 538 rebus
517 473 659 556 perfectrs
669 470 820 536 affirmant
858 473 989 538 Profecti
999 495 1094 556 quum

119 557 256 623 mandata
269 552 363 636 plebis
376 553 512 616 Patribus
526 553 739 634 exposuissent,
751 552 800 612 nlii
813 551 983 623 decemviri,
995 571 1092 633 quen·

118 633 277 714 doquidem
291 637 401 712 praeter
414 651 497 712 spem
508 629 638 768 ipsorum
654 629 789 770 supplicii
812 631 856 692 sui
876 631 958 694 nulla
980 631 1093 692 mentio

118 711 213 782 fieret,
234 711 312 772 lraud
337 709 523 790 quisquamn
543 728 642 772 nuere.
712 708 807 789 ppins,
827 712 904 770 traci
926 709 1046 790 ingenio
1059 714 1092 770 et

118 789 233 850 irrvidit
267 787 397 870 raesiput
421 787 519 848 odium
543 787 574 848 io
598 807 631 848 se
644 786 767 848 oliorum
780 805 835 847 suo
854 785 947 848 ineos
965 786 1093 848 metiens

118 867 197 934 odio,
216 875 234 905 ‘⁴
276 867 332 928 aud
360 867 493 948 ignaro,”
520 863 624 935 inuit,
643 873 660 903 ‘⁶
670 863 806 926 imminet
830 865 955 926 fortuna.
985 864 1092 934 Video.

120 945 216 1008 donec
229 965 310 1008 marn
323 943 499 1006 adversariis
510 885 676 1013 uelantur,
687 941 801 1002 diferri
813 943 954 1006 adversus
966 961 1019 1002 nos
1032 962 1098 1002 cer·

118 1029 240 1096 tamen3
261 1022 377 1114 dendrrs
390 1021 517 1084 invidiae
532 1027 578 1112 eet
591 1021 719 1102 sanguis.
758 1019 842 1081 Nihil
856 1039 895 1086 ne
909 1039 962 1102 ego
975 1020 1096 1100 quidem

119 1120 299 1246 τετεεε
313 1100 632 1236 cornere
647 1100 1099 1265 τττετεετετεττς

117 1254 244 1335 gistratu
265 1253 443 1314 abdicarent.
483 1251 634 1326 qurius
648 1250 779 1330 pontifex
794 1271 940 1313 auximus
965 1255 1099 1314 tribunos

140 1331 213 1394 lebis
233 1335 365 1399 emeretr
385 1333 467 1392 etue
481 1329 529 1390 cui
542 1327 637 1388 fraudi
658 1334 739 1390 esset
752 1329 881 1410 secessio
894 1328 1021 1390 militum
1034 1333 1100 1411 ple-

119 1351 251 1501 loquer
279 1408 338 1470 His
351 1405 622 1471 senatusconsulta
630 1405 780 1486 perfectis,
790 1405 1035 1478 dimissosenotu,
1045 1409 1100 1474 de-

5 1533 10 1544 .
121 1487 242 1553 oerumri
255 1486 402 1568 prodeunt
414 1485 637 1556 inconciouem,
657 1483 852 1562 abdicantque
866 1504 898 1546 se
912 1484 1099 1564 magistratu,

119 1565 394 1658 ingentibominum
415 1565 533 1624 raetitin.
571 1563 762 1628 Nunciantur
781 1561 847 1622 haee
865 1561 960 1644 plebi:
982 1563 1010 1623 le
1049 1571 1099 1626 tos

118 1643 261 1736 quicquid
282 1641 314 1702 in
338 1645 408 1704 urbe
431 1642 580 1704 hominum
601 1646 756 1722 supererat
778 1642 974 1720 prosequitur.
1047 1643 1097 1702 uic

119 1721 390 1783 multitudinilaeta
412 1721 471 1782 elia
493 1721 579 1782 turba
592 1739 629 1783 cx
651 1719 756 1782 cestris
776 1719 1099 1800 occurritecongrata·

120 1799 219 1860 lenter
236 1799 402 1862 libertatem
424 1799 672 1878 concordiamque
686 1796 800 1858 civitati
824 1797 1000 1858 restitutam.
1038 1795 1098 1860 Le-

139 1877 181 1938 ati
195 1897 248 1956 pro
261 1878 402 1938 concione
414 1898 424 1949 ς
443 1877 559 1952 “Quod
572 1874 837 1948 bonumnausrum,
853 1875 983 1956 felixque
997 1876 1036 1936 sit
1047 1896 1099 1938 vo·

119 1897 174 2024 iis,
185 1954 289 2034 reique
300 1956 441 2036 publicae,
454 1957 549 2016 redite
563 1954 593 2014 in
610 1953 735 2032 putrium
749 1953 786 2014 ad
802 1963 933 2031 penates,
946 1956 1099 2035 conjuges,

119 2030 286 2110 liberosque
296 2040 431 2103 vestrosr
451 2033 515 2103 sed,
525 2036 588 2112 qut
603 2031 653 2090 lrto
667 2029 813 2090 modestia
826 2029 934 2103 fuistis,
945 2029 995 2090 ubi
1009 2031 1099 2092 nulli·
1183 2071 1186 2076 ι

119 2127 156 2168 ns
179 2129 249 2189 ager
261 2110 293 2170 in
305 2115 352 2170 tot
364 2129 463 2170 rerum
474 2129 529 2172 usu
545 2109 710 2178 necessario
733 2114 827 2169 tantae
851 2109 1035 2174 multitudini
1049 2117 1099 2174 est

118 2185 255 2258 ricletos',
267 2207 332 2248 eam
345 2187 518 2250 modestiam
532 2187 607 2248 ferte
618 2187 650 2250 irr
662 2188 764 2250 urbem
776 2209 785 2260 ;
805 2188 836 2250 in
851 2188 1032 2252 Auentinum
1045 2187 1098 2260 ite,
1191 2245 1192 2250 ,

119 2264 200 2358 unde
222 2264 346 2358 profecti
369 2266 450 2328 estis.
484 2261 778 2405 'lbifflp'ci„10002ubl
793 2268 887 2360 primu
899 2267 984 2328 initia
997 2265 1099 2359 inchq-
1190 2313 1191 2324 ,

121 2346 196 2404 nstro
208 2344 354 2405 libertatis
366 2351 486 2416 restrae,
498 2347 576 2406 trrbn
599 2365 632 2406 os
645 2331 724 2424 plebr
738 2348 874 2416 creabitis
886 2367 894 2410 r
915 2349 1027 2427 praesto
1039 2350 1099 2408 erit

118 2421 254 2500 pontifex
273 2421 428 2496 maximus,
449 2423 499 2503 qui
525 2423 644 2484 comitia
665 2423 795 2484 hebent.”
832 2425 942 2502 Ingens
955 2441 1096 2484 assensus
1189 2427 1190 2448 2

20 2507 23 2512 “
119 2498 318 2576 alacritasque
339 2507 446 2558 cuncta
470 2501 694 2579 approbantium
715 2499 782 2560 fuir.
821 2501 1000 2562 convellunt
1024 2499 1098 2562 inde
1188 2527 1189 2551 1

120 2573 211 2652 signa.
224 2571 404 2652 profectique
417 2575 540 2640 Romam
563 2581 679 2634 certant
701 2594 769 2634 cum
792 2577 883 2636 obviis
903 2577 1028 2656 gardim
1048 2597 1099 2639 ar·
1187 2623 1188 2647 r

118 2651 190 2710 mati
211 2650 376 2730 perurbcm
390 2649 508 2712 silentio
522 2649 552 2710 in
575 2649 756 2720 Aventinum
778 2653 972 2732 perveniunt3
989 2654 1030 2716 ibi
1044 2675 1099 2716 ex·
1186 2697 1187 2720 1

93 2738 95 2742 ’
119 2727 242 2809 templo,
255 2724 394 2808 pontifice
407 2728 534 2794 maximo
557 2727 676 2798 comitia
688 2725 824 2800 habente,
846 2731 978 2796 tribunos
998 2733 1096 2825 plebis

120 2811 306 2876 creaverunt,
319 2805 447 2866 omnium
462 2805 588 2888 primum
603 2809 640 2872 A.
652 2805 828 2888 virginium.
837 2807 910 2878 inde
921 2809 958 2876 L.
969 2811 1101 2884 lcrliaro.
1184 2829 1186 2886 j

120 2889 153 2944 et
171 2884 205 2944 P.
217 2884 416 2948 Numitorium
429 2885 609 2952 auunculum
627 2883 781 2964 Virginiae.
799 2892 935 2955 auctores
955 2889 1099 2954 secessio·

120 2960 177 3028 nis,
217 2961 297 3026 Tum
310 2961 346 3022 C.
359 2959 513 3037 Sicinium,
525 2962 695 3044 progeniem
709 2967 784 3044 ejus,
804 2979 892 3044 quem
905 2965 1031 3046 primum
1044 2967 1096 3028 tri·
1183 2969 1184 3039 ξ

119 3037 231 3106 bunum
274 3039 492 3104 lobisoreatum
512 3042 544 3102 iu
558 3060 642 3102 sacro
661 3049 770 3120 monte,
783 3042 933 3121 proditum
946 3045 1095 3113 memoriae
1181 3053 1183 3068 “

7 3153 24 3176 2·
120 3119 185 3185 est;
205 3122 237 3177 et
312 3117 520 3197 Duilinmqui
538 3119 718 3180 tribunatum
731 3121 788 3182 insi
830 3141 878 3184 em
897 3121 1096 3186 antedecem·

120 3190 200 3252 viros
214 3197 329 3252 creatos
340 3200 480 3271 gesserat,
493 3215 549 3254 nec
570 3197 602 3254 in
621 3197 790 3258 decemviro
802 3201 866 3264 rbus
887 3195 1097 3266 certaminibr'rs

140 3267 199 3333 lebi
212 3265 356 3330 defuerat.
395 3269 454 3346 Spe
477 3267 586 3330 deinde
609 3272 714 3349 magis,
741 3276 830 3353 quim
853 3275 974 3344 meritis,
994 3275 1096 3352 electi,

157 3345 321 3416 .Titinius,
332 3345 375 3407 bb
389 3343 576 3425 Pomponius,
588 3344 624 3404 C.
636 3349 843 3426 Apronius‚¹P‚
857 3349 974 3426 Villius,
988 3351 1023 3414 C.
1036 3355 1097 3436 flp·

118 3421 197 3501 pius.
236 3423 401 3496 Tribunatu
413 3421 497 3492 irrito,
510 3423 547 3482 L.
560 3419 662 3484 Icilius
675 3429 824 3508 extemplo
835 3428 951 3510 plebem
965 3427 1092 3514 rogarit,

119 3504 152 3558 et
165 3501 249 3578 plebs
262 3491 358 3572 scivit,
381 3500 481 3578 necui
493 3499 590 3576 fraudi
604 3506 683 3575 esset
706 3507 834 3567 secessio
857 3507 894 3566 ab
917 3507 1094 3572 decemviris

120 3574 210 3650 facta,
249 3575 415 3636 Confestim
436 3577 475 3642 de
489 3579 656 3640 consulibus
671 3581 806 3660 creandis
825 3601 892 3646 cum
913 3587 1095 3668 provocatio·

116 3651 215 3718 nebi.
226 3652 344 3722 Duilius
355 3655 537 3743 rogationem
549 3655 691 3742 pertulitr
711 3661 990 3746 euomuioinpratis
1001 3665 1094 3750 arsag

683 3925 686 3932 Ι
731 3871 745 3906 δ
