2372 4116
15 2925 17 2970 5
128 2923 187 2985 lico

409 221 411 224 -
527 182 670 244 sluaa
689 181 726 244 V.
1059 193 1118 250 249

145 331 291 394 uincerat*
328 319 517 420 Dehudatum
538 340 647 402 deinde
669 357 745 414 eum,
767 343 899 406 manibus
919 347 988 425 post
1000 349 1117 427 tergum

143 410 276 494 illigatis,
297 417 497 480 reducendum
522 419 651 481 Falerios
675 421 773 500 pueris
796 423 936 484 tradidit:
959 423 1117 504 virgasque

144 491 197 560 eis,
210 495 314 571 quibus
329 495 506 575 proditorem
520 505 642 580 agerent
655 499 685 558 in
699 502 799 560 irritem
814 503 1013 574 verberantes,
1024 501 1118 564 dedit.

143 569 195 628 Ad
209 574 286 650 qood
299 577 502 654 spectaculum
517 597 660 638 concursu
676 579 773 659 pupuli
788 579 915 658 primdm
928 580 1016 649 lacto,
1034 581 1117 641 dein-

74 657 77 660 ’
123 647 181 732 ‘de
196 647 213 706 d
226 651 444 731 magistralibus
457 657 494 716 de
508 674 630 715 renova
644 665 747 717 uocato
762 664 874 728 senatu,
895 663 979 718 tanta
991 661 1115 719 mutatio

140 725 256 789 unimus
275 735 323 789 est
335 729 452 810 injecta,
473 741 515 805 ut,
527 734 579 814 qui
600 735 698 807 modd,
712 735 824 808 efferati
848 735 917 796 odio
931 736 1044 814 iraque,
1058 738 1116 798 Ve-

134 805 265 881 -jentium
291 808 400 870 exitum
422 815 506 894 pent,
520 812 609 893 quam
631 813 826 894 Capenatium
850 833 964 894 pacem,
977 815 1115 888 mallent,¹

94 890 119 950 †
139 886 220 960 opud
234 905 284 944 eos
298 906 401 965 pacem
417 892 551 952 universa
565 901 699 972 posceret
718 892 831 952 civitas.
872 891 960 952 Fides
973 891 1116 964 Romana,

134 961 255 1035 justitia
267 963 501 1043 inperatoriam
514 971 577 1030 foro
591 979 622 1031 et
634 971 716 1030 curia
729 971 934 1046 celebrantur:
955 989 1113 1031 consensu·

139 1056 199 1114 que
212 1041 341 1118 omnium
356 1043 445 1180 lepati
469 1049 506 1126 ad
521 1049 680 1109 Camillum
693 1049 724 1108 iu
738 1063 843 1120 castra,
857 1055 888 1108 at
909 1067 947 1108 ue
966 1047 1035 1108 inde
1051 1069 1115 1128 per·

140 1115 385 1182 missuCamillil
399 1127 896 1206 omamadsenatum3quidederent
927 1127 1041 1196 alerius,
1050 1147 1114 1208 pro⁴

137 1193 320 1277 ficiscuntur.
360 1202 585 1266 Introductiacl
608 1213 742 1276 senatum
756 1205 798 1268 ita
817 1205 908 1266 locuti
932 1205 1112 1268 traduntur:

136 1273 266 1336 “Patres
290 1281 459 1360 conscripti,
480 1285 613 1356 victoria,
624 1287 672 1344 cui
686 1305 741 1345 nee
755 1285 847 1357 Deus,
860 1304 916 1344 nec
930 1284 1015 1342 liorno
1031 1285 1112 1364 quis·

135 1370 225 1428 quam
237 1353 380 1430 invideat,
394 1361 466 1418 victi
480 1357 592 1420 duobis
606 1369 637 1421 et
650 1363 824 1442 imperatore
845 1367 954 1428 vestro,
971 1359 1111 1422 dedimus

134 1448 191 1490 nos
204 1434 306 1502 vohis;
327 1435 392 1504 rati,
406 1449 463 1514 quo
484 1437 557 1498 nihil
570 1439 675 1498 victori
700 1436 849 1518 pulchrius
864 1440 921 1508 est,
937 1435 1043 1498 melids
1057 1459 1111 1502 nos

135 1510 190 1566 sub
202 1509 325 1588 imperio
335 1521 441 1583 vestro,
455 1516 543 1596 quam
557 1517 670 1598 legibus
682 1516 802 1588 nostris,
812 1515 951 1586 victuros,
992 1516 1112 1578 Eventu

131 1582 221 1664 hujus
244 1587 392 1666 helliduo
416 1595 555 1656 salutaria
569 1597 703 1677 exempla
717 1594 833 1676 prodita
859 1593 985 1652 humano
1008 1597 1110 1672 generi

135 1671 214 1724 sont.
253 1666 314 1726 Vos
328 1667 416 1730 fidem
440 1673 468 1733 in
482 1675 567 1744 bello,
576 1675 668 1754 quam
684 1679 862 1754 praesentem
876 1671 1037 1742 victoriam,
1050 1693 1110 1734 ma·

134 1739 249 1804 luistis:
271 1747 573 1829 nos,fideprovocati,
586 1753 738 1814 victoriam
750 1751 827 1811 ultro
838 1751 1006 1811 detulimus.
1047 1752 1109 1811 Sub

130 1821 246 1884 ditione
266 1831 364 1888 vestra
379 1847 487 1892 sumus.
527 1831 652 1910 Mittite,
673 1832 724 1912 qui
738 1848 828 1905 arma,
841 1829 892 1910 qui
913 1827 1039 1898 obsides,
1053 1831 1107 1916 qui

68 1969 72 1973 ,
132 1904 233 1968 urbem
246 1907 414 1986 patentibus
427 1910 520 1988 portis
533 1911 689 1990 accipiant.
730 1907 796 1970 Neo
820 1927 872 1969 vos
890 1906 960 1986 fidei
985 1913 1107 1997 nostrae,

132 2001 189 2044 nee
202 2003 255 2044 nos
270 1984 385 2065 imperii
398 1989 490 2049 vestri
511 1989 694 2070 poenitehit”
733 1987 860 2054 Camillo
881 1993 911 2047 et
924 1987 960 2045 ab
973 1983 1104 2048 hostibus

133 2070 163 2123 et
177 2062 195 2120 d
209 2063 319 2124 civibus
332 2068 436 2145 gratiae
459 2073 545 2130 aetas.
585 2066 708 2128 Faliscis
732 2066 762 2126 in
777 2065 956 2146 stipendium
979 2063 1106 2151 utilitum

133 2143 197 2220 ejus
208 2143 287 2213 anni,
307 2151 341 2202 ot
354 2146 478 2225 populus
493 2149 642 2208 Romanus
654 2148 762 2206 tributo
775 2151 902 2215 vacaret,
914 2160 1040 2224 pecunia
1051 2145 1107 2205 im·

131 2228 242 2300 perata.
282 2223 359 2282 Pace
372 2225 452 2295 data,
465 2226 611 2286 exercitus
623 2227 744 2290 Romam
759 2223 909 2284 reductus.
936 2263 940 2272 2

171 2299 314 2360 xxviii.
335 2300 478 2362 Camillus
492 2305 612 2364 meliore
625 2303 718 2362 multo
737 2301 833 2370 leude,
846 2301 934 2379 quam
949 2321 1039 2380 quum
1052 2305 1105 2384 tri-

132 2377 320 2456 umpheutem
333 2375 391 2440 albi
404 2401 458 2460 per
478 2385 578 2442 urbem
591 2385 733 2443 vexerant
753 2378 830 2458 equi,
852 2379 976 2458 insignis
984 2383 1104 2474 justitie

131 2454 259 2533 fideque,
270 2455 400 2518 hostibus
408 2461 505 2531 victis,
515 2481 605 2540 quum
618 2461 650 2536 iu
669 2462 770 2519 urbem
784 2457 922 2531 redisset,
936 2460 1025 2521 tacite
1038 2466 1104 2542 ejus

130 2534 337 2594 uerecundiam
348 2555 407 2598 non
421 2539 490 2598 tulit
504 2546 635 2614 serratus,
646 2539 717 2618 quin
729 2537 792 2598 sine
804 2555 884 2596 mora
895 2538 956 2598 voti
966 2539 1104 2600 liberare·

130 2617 193 2672 tura
215 2619 417 2694 crateramque
439 2637 556 2680 auream
578 2619 688 2680 donum
701 2615 844 2696 Apollini
868 2616 998 2698 Delphos
1013 2619 1102 2698 legati

131 2691 181 2768 qui
194 2690 314 2760 ferrent,
329 2693 364 2756 L.
376 2695 523 2768 Valerius,
545 2697 580 2755 L.
594 2698 648 2756 Ser
668 2697 722 2766 'us,
741 2700 778 2753 A.
791 2693 932 2762 Manlius,
946 2697 1026 2756 missi
1040 2699 1102 2757 lon·

129 2773 167 2849 ga
182 2773 242 2827 ont
254 2787 339 2839 nave,
352 2769 428 2832 haud
443 2773 544 2852 procul
555 2773 631 2833 freto
665 2773 742 2832 leulo
757 2771 886 2850 alpiretis
895 2773 1101 2851 Liparensium

130 2846 256 2985 excepti(
268 2845 452 2988 devehuntutr
466 2851 598 2988 Liparap.
638 2851 706 2988 lips
714 2857 781 2987 edum
792 2847 929 2986 eivffflis'
942 2852 1104 2992 velutpoh·

220 2945 361 2990 arocmro
394 2949 487 2989 aram
528 2951 568 2989 rae
592 2951 639 2990 am
683 2950 723 2989 rvr
745 2947 812 2998 ere;
892 2949 965 2990 ceo
978 2949 1014 2988 an
1069 2951 1100 2991 rn

129 3023 241 3066 surnmo
254 2949 425 3083 magistriitu
448 2951 525 3070 cratp
535 3008 734 3070 Timasitheus
748 3005 878 3086 quidam,
893 3007 1033 3068 Romanis
1054 3011 1101 3070 vir
1127 3039 1133 3050 1

15 3101 16 3158 ζ
129 3082 259 3152 similior,
271 3085 360 3160 quim
382 3085 458 3156 suis;
481 3086 541 3166 qui,
554 3088 716 3167 legatorum
735 3103 852 3154 nomen,
866 3084 1047 3164 donumque,
1068 3092 1100 3149 et

128 3161 233 3228 Deum,
247 3161 293 3219 cui
308 3161 482 3234 mitteretur,
495 3171 526 3224 et
539 3166 609 3232 doni
623 3183 741 3226 causam
755 3163 865 3224 veritus
879 3163 951 3244 ipse,
966 3165 1100 3234 multitu·

103 3269 108 3276 ·
128 3239 226 3299 dinem
238 3257 364 3318 quoque,
376 3261 444 3320 quse
456 3263 571 3322 semper
584 3243 676 3306 ferme
687 3242 801 3323 'regenti
816 3243 989 3315 estsimilis,
1002 3245 1055 3303 reli
1078 3245 1100 3304 i·

129 3319 288 3398 ooisjustae
302 3319 454 3399 implevita
468 3323 671 3416 adductosque
681 3321 712 3381 in
726 3323 874 3402 publicum
888 3321 1044 3397 hospitium
1057 3265 1099 3386 le·¹

128 3403 219 3476 gatos,
233 3419 299 3460 cmo
314 3399 452 3478 praesidio
463 3401 551 3462 etiam
565 3406 681 3464 navium
698 3399 827 3480 Delphos
846 3403 1027 3478 prosecutus,
1041 3402 1099 3460 Ro·

128 3493 203 3534 mam
221 3477 290 3540 inde
308 3479 432 3560 sospites
457 3481 594 3542 restituit.
635 3481 805 3570 Hospitium
827 3497 894 3536 cum
916 3497 950 3537 eo
964 3483 1097 3542 senatus-

128 3555 260 3614 consulto
277 3570 323 3620 est
344 3559 611 3639 lactumdonaque
635 3559 751 3640 publice
773 3558 850 3618 data.
890 3556 1001 3616 Eodem
1016 3575 1097 3615 auno

15 3689 16 3692 ,
127 3631 278 3716 iuAEqais
290 3637 369 3704 verit
382 3639 541 3704 bellatum:
561 3641 635 3731 adeo
648 3646 682 3708 ut
693 3639 725 3702 in
737 3639 850 3710 incerto
864 3634 952 3704 luerit
965 3640 995 3698 et
1008 3633 1089 3714 apud
