2388 4120
253 282 301 298 .,.,
319 255 329 282 ¹
516 231 643 296 LIBER
663 231 724 296 111:
1056 241 1112 317 lus

124 285 371 382 ,ww
866 318 1093 386 tt‘ec,›¹1·›‘·r',.
1130 343 1154 379 :s

133 403 198 451 ‘rem
211 390 407 452 restitutam?
443 389 480 450 L.
493 389 661 462 Lucretius,
670 387 773 454 cons'ul
787 391 858 454 anni
871 391 986 473 prioris,
999 395 1113 456 recenti
1138 383 1144 416 ί

137 469 232 549 gloria
252 472 360 540 nitens,
373 489 441 531 suas
455 469 559 530 laudes
578 469 754 550 participare
767 491 835 532 cum
849 471 991 547 Kaesoue,
1004 489 1115 532 memo-

137 567 206 607 rare
216 565 339 630 pugnas,
352 548 461 608 referre
485 548 602 628 egregia
620 547 762 622 facinora,
782 569 861 610 nunc
874 551 907 610 in
919 548 1115 630 expeditioni·

139 627 293 697 haarnac
306 624 337 687 in
350 627 415 687 acie
427 645 440 697 3,
456 629 580 687 suadem
593 629 625 687 et
636 645 764 696 monere,
777 633 796 666 “
801 629 942 708 juvenem
955 627 1116 720 egregium,

138 703 317 766 instructum
341 712 457 765 naturae
477 704 668 784 ‘fortunaeque
694 705 827 767 omnibus
849 706 943 778 bouis,
956 725 1116 768 maximum

139 791 322 844 momentum
341 802 437 844 rerum
451 783 515 863 ejus
531 783 672 857 civitatis,
683 783 715 843 in
728 803 818 862 quarn
838 802 954 863 cunque
974 785 1116 856 ‘venisset

139 881 235 933 suum,
248 861 338 941 quam
352 859 491 932 alienum,
510 861 635 922 mallent
650 861 746 922 civem
761 881 835 922 esse.
887 860 972 936 Quod
986 861 1117 924 offendat
1173 891 1174 896 ¹

139 939 170 1000 in
180 943 228 1012 eo,
239 939 386 1000 fervorem
400 939 592 1000 etlaudaciam
605 945 725 1000 aetatem
738 939 871 1019 quotidie
881 938 1016 1012 auferre;
1035 937 1117 1032 quod

140 1015 330 1108 Quum
343 1016 506 1095 consilium,
518 1017 550 1079 id
563 1018 594 1079 in
608 1018 672 1080 dies
694 1037 837 1080 crescere.
889 1017 1117 1098 Senescgpnbus

140 1095 233 1166 vitiis,
247 1101 464 1156 maturescente
484 1095 603 1170 uirtute,
624 1096 759 1171 ‘sinerem
768 1099 892 1156 tantum
906 1095 1001 1155 r'sriiin
1015 1106 1117 1158 senem

141 1172 173 1233 in
188 1173 308 1239 ciuitate
321 1173 412 1234 fleri-'¹
447 1173 537 1234 Pater
549 1174 628 1235 inter
639 1173 693 1234 hos
706 1173 743 1234 L.
756 1173 921 1248 Quinctius,
934 1173 982 1234 cui
995 1174 1118 1236 Cincin·

96 1309 98 1315 ,
138 1258 210 1312 nato
224 1269 385 1331 cognomen
399 1257 471 1323 erat,
482 1271 541 1312 non
554 1252 711 1314 interando
721 1251 834 1322 laudes,
844 1273 882 1314 ne
898 1251 1062 1314 cumularet
1072 1253 1118 1314 in·

26 1368 31 1393 ι
106 1365 107 1369 =
139 1329 259 1399 sidiam,
272 1331 323 1394 seul
338 1331 453 1392 venum
467 1331 559 1391 errori
570 1335 660 1412 atque
673 1330 885 1392 adolescentiae
898 1331 1038 1410 petendo,
1050 1331 1117 1406 sibi,

140 1407 191 1488 qui
204 1428 263 1470 non
276 1407 369 1483 dicto,
380 1429 440 1470 non
453 1409 533 1468 sacto
546 1419 723 1488 quemquam
734 1409 915 1478 offendisset,
925 1414 960 1468 ut
970 1409 1117 1478 condona·

138 1495 208 1547 rent
220 1485 323 1560 lilium,
335 1489 445 1548 orabat.
464 1523 474 1540 ι
485 1486 544 1546 Sed
559 1486 609 1548 alii
622 1487 832 1548 aversabantur
844 1505 957 1566 preces,
971 1491 1023 1546 aut
1035 1507 1118 1548 vere-

140 1565 260 1635 cundia,
269 1571 320 1626 aut
330 1567 429 1627 metui
449 1565 510 1636 alii,
523 1585 554 1625 se
568 1579 695 1644 suosque
706 1565 1029 1644 mulcatoaquerentss,
1039 1574 1117 1628 atro·

141 1643 231 1706 eires
252 1643 478 1724 onsojudicium
493 1663 578 1704 sucum
592 1643 798 1725 praeferebant.
869 1669 871 1676 ,
1082 1720 1085 1724 .

133 1734 136 1738 '
178 1665 266 1784 xlii.
284 1723 440 1784 Premebat
450 1741 542 1792 reum,
554 1729 665 1802 praeter
677 1717 826 1812 vulgatam
839 1719 992 1794 invidiam,
1003 1719 1116 1784 crimen

140 1821 251 1872 unum-3
271 1783 416 1880 qm
423 1799 562 1860 Volscius
575 1801 686 1870 Fictor,
697 1819 750 1879 qur
763 1806 833 1860 ante
843 1799 956 1878 aliquot
966 1816 1058 1860 anuos
1067 1799 1118 1880 tri·

139 1881 235 1940 bullus
249 1880 345 1960 plebis
358 1879 466 1952 fuerat,
477 1877 569 1940 testis
580 1879 744 1968 exstiterat,
764 1887 783 1916 ‘⁶
793 1877 924 1969 sopiland
938 1877 1032 1953 multo
1043 1883 1119 1960 post,

102 2015 105 2022 ,
137 1959 231 2036 quum
241 1959 413 2038 pestilentia
426 1957 456 2017 in
469 1959 540 2018 urbe
555 1957 661 2028 fuerat,
673 1975 704 2018 ru
714 1958 877 2044 juveutpm,
891 1961 1074 2036 grassantem
1085 1957 1118 2018 in
1171 1967 1174 1972 ’

141 2029 267 2114 Subura,
281 2037 440 2108 incidisse3
474 2037 514 2096 ibi
528 2035 621 2096 rixam
635 2040 735 2095 natam
749 2053 824 2105 esse,
837 2033 1017 2116 fratremque
1031 2055 1118 2096 suum

142 2117 283 2194 majorem
293 2121 374 2184 natu,
384 2114 513 2176 necdum
524 2133 561 2174 ex
574 2115 674 2174 morbo
682 2113 754 2174 satis
766 2113 908 2183 validum,
917 2133 956 2194 pu
978 2133 1015 2176 uo
1024 2114 1119 2174 ictum

70 2235 73 2264 2
142 2194 181 2252 ab
194 2191 475 2268 Kaesonececidisse
484 2193 694 2260 semianimem.
734 2193 931 2254 intermunus
964 2201 1061 2252 omum
1069 2193 1120 2252 ab·

20 2311 23 2318 ι
71 2302 76 2339 ;
143 2269 247 2341 latum,
260 2275 462 2349 mortuumque
475 2271 546 2330 inde
557 2271 699 2342 arbitrari,
711 2270 835 2335 neesibi
845 2289 908 2331 rem
922 2270 1043 2350 022&ssOE
1055 2279 1118 2330 tam
1173 2283 1174 2286 ’

19 2422 25 2444 γ’
100 2354 103 2358 ’
142 2355 275 2410 atrocem
288 2361 341 2430 per
354 2349 490 2410 consules
503 2350 686 2448 superiorum
699 2367 843 2410 annorum
856 2347 1001 2412 licuisse?
1041 2349 1118 2412 Haec

19 2891 22 2902 ‚
96 2877 101 2886 ,
143 2817 428 2900 eumiamernnatum
448 2821 566 2880 indicta
585 2822 674 2880 causta
689 2836 746 2878 non

137 2423 266 2488 *Volscio
279 2427 460 2503 clamitante,
479 2427 554 2488 adeo
572 2428 731 2488 conscitati
747 2427 880 2492 homines
893 2432 974 2500 sunt,
994 2433 1027 2489 ut
1040 2426 1119 2489 haud
1165 2471 1169 2482 .

142 2506 269 2569 multum
283 2503 417 2577 abluerit,
431 2507 503 2586 quin
517 2505 627 2588 inipetu
642 2505 741 2588 populi
759 2507 851 2567 Kaeso
869 2506 1013 2568 interiret
1053 2507 1120 2568 Vir·

141 2584 239 2666 ginius,
262 2585 352 2665 arripi
370 2587 456 2665 jubet
477 2585 636 2658 hominem,
653 2592 684 2646 et
696 2579 727 2646 iri
741 2585 860 2646 vincula
880 2582 968 2656 cluci3
1002 2585 1119 2666 patricii

142 2663 247 2724 contra
260 2663 289 2722 vi
302 2663 452 2743 resistunt.
506 2666 545 2740 Τ.
559 2663 716 2740 Quinctius
738 2664 879 2734 clamitat,
891 2663 975 2723 “Cui
986 2664 1027 2724 rei
1042 2663 1120 2745 capi-

140 2741 212 2804 ulis
225 2741 289 2802 dies
309 2741 390 2802 dicta
403 2743 450 2812 sit,
463 2748 494 2803 et
507 2744 545 2804 de
558 2761 617 2823 quo
630 2742 863 2878 futummpmpe
875 2741 954 2800 diem
963 2741 1120 2818 judicium,

784 2820 872 2878 ubere
886 2817 1015 2876 violari.”
1052 2819 1121 2879 Tri-

137 2901 239 2960 'bunus
260 2905 277 2934 “
286 2893 479 2978 supplicium
492 2904 582 2990 negat
596 2903 810 2976 “sumpturum
826 2913 859 2954 se
879 2895 916 2955 de
930 2893 1122 2968 indemnatos

144 2981 330 3039 servaturum
350 2981 449 3036 tamen
462 2977 494 3036 in
513 2975 641 3037 vinculis
654 2995 719 3035 esse
733 2973 770 3034 ad
779 2972 886 3054 judicii
899 2973 994 3045 diem}
1014 2979 1056 3045 ut,
1068 2975 1120 3055 qui

143 3055 291 3130 bononem
313 3071 407 3114 necas
426 3054 476 3128 rit,
494 3054 532 3114 de
547 3075 586 3121 ¹eo
600 3052 738 3133 supplicii
759 3052 895 3120 sumendi
916 3052 999 3134 copia
1013 3057 1120 3136 populo

144 3135 279 3212 Ronmno
293 3131 370 3194 ficte
419 3133 572 3224 Appellati
587 3131 694 3193 tribuni
709 3131 807 3192 medio
827 3131 947 3192 decreto
955 3135 1006 3214 jus
1019 3133 1121 3206 ausilii
1159 3155 1162 3164 ’

141 3193 388 3292 sui‘eipeoiiant3
408 3211 439 3272 in
453 3211 572 3272 vincula
587 3210 693 3292 conjici
707 3194 836 3348 uetant(
849 3209 1020 3292 eistireum,
1032 3231 1121 3293 pecu·

146 3288 293 3370 uiamque,
306 3287 364 3350 uisi
377 3289 508 3370 sistatur,
515 3289 622 3371 populo
632 3289 775 3370 promitti,
786 3309 804 3369 p
816 3301 902 3351 acere
916 3289 1122 3380 pronunciant.

146 3369 295 3432 Summam
306 3367 442 3448 pecuniae
455 3375 594 3448 quantam
611 3387 729 3459 aequum
741 3373 820 3442 esset
833 3367 974 3448 promitti,
987 3369 1122 3430 veniebat

145 3447 175 3521 ip
187 3447 326 3518 ‚dubium3
346 3445 427 3507 idad
448 3453 585 3508 ¹scalatum
605 3445 746 3526 rejicitur.
785 3445 876 3516 Reus,
899 3443 968 3504 dum
983 3450 1089 3508 ‘consul
1110 3477 1123 3494 ·

145 3509 250 3585 rentur
268 3525 380 3596 Patres
398 3530 532 3589 retentus
545 3526 577 3586 in
591 3525 708 3606 publico
721 3530 782 3584 est:
802 3524 893 3583 vades
907 3522 978 3584 dare
992 3467 1120 3604 placuii;

85 3633 88 3642 ν
145 3621 238 3662 unum
252 3603 354 3665 vadem
368 3604 461 3666 tribus
476 3604 603 3679 millibus
615 3603 683 3662 aeris
696 3603 884 3743 oblipatrunn
918 3607 990 3680 quot
1003 3603 1120 3665 derent-

96 3703 99 3708 ·
146 3697 192 3761 ur,
205 3677 380 3760 permissum
394 3676 525 3746 ‘orturis
538 3687 585 3746 est
594 3702 603 3757 3
623 3681 728 3744 decem
771 3683 914 3765 nleruuts
925 3723 929 3730 -
940 3682 986 3740 tot
997 3673 1119 3742 saulus
