2394 4138
527 185 769 303 eumue)
1069 189 1110 250 ⁷⁹

131 367 166 420 se
176 344 318 426 gerenda
338 365 394 408 uec
407 343 501 427 plebis
514 345 620 408 vitarit
635 345 746 419 odium,
758 363 814 406 nee
833 341 913 425 apud
927 343 1031 406 Patres
1044 363 1108 424 gra·

133 425 203 486 tiam
216 424 294 484 iniit.
348 425 452 486 Patres
473 424 593 486 melle'na
616 425 767 486 consulem
780 429 812 484 et
824 423 1010 484 ambitiosum
1030 423 1109 484 ratis

130 503 233 584 plebes
246 503 402 574 fallacem
413 501 555 594 brevique
563 503 709 597 apparuit.
721 507 856 584 aequdsse
865 521 933 564 eum
946 504 995 582 Ap
1015 501 1036 561 ii
1048 501 1111 561 odi-

120 600 191 650 ,urm
224 581 391 656 ¹Certamen
402 579 571 643 consulnbus
583 583 738 654 insiderat,
749 589 817 642 uter
826 579 979 654 dedicaret
1026 599 1111 641 erea-

129 660 168 722 rii
183 660 288 721 sedem.
344 661 472 724 Senatus
486 659 503 718 d
516 653 549 722 so
562 682 625 724 rem
638 661 675 722 ad
691 660 829 744 populum
842 659 966 740 rejecitz
987 658 1047 720 utri
1061 678 1110 719 eo·

121 758 197 800 rum
208 739 357 800 dedicatio
366 743 451 821 jussu
464 739 564 821 populi
575 740 646 800 data
659 746 821 809 musteum
829 758 959 820 preesse
970 757 1110 809 annenae.

120 823 328 892 mercatorum
342 819 499 899 collegium
512 819 677 890 instituere,
698 817 831 878 solennia
865 816 1036 895 repontillce
1044 819 1110 896 jus-

116 895 173 958 sit
186 897 346 976 suscipere.
367 973 369 976 Ι
385 897 516 988 Populus
529 897 747 962 dedicationem
762 893 836 956 sedis
845 839 897 956 lat
908 895 955 954 M.
967 893 1108 970 Laetorio,

118 974 221 1110 ,Έτὶιηί
244 974 299 1055 pili
320 976 505 1038 centurioni:
525 975 605 1056 quod
625 974 713 1036 facile
734 979 900 1055 appareret,
923 993 982 1034 non
996 979 1055 1034 tam
1069 974 1109 1036 ad

121 1107 124 1112 .
154 1071 274 1113 onorem
289 1055 365 1133 eJ'us,
381 1054 428 1114 cui
441 1053 553 1116 curatio
569 1053 657 1114 altior
669 1053 787 1136 fastigio
800 1069 853 1114 suo
865 1052 936 1114 data
949 1057 1036 1122 esset,
1050 1053 1110 1112 lac-

129 1134 208 1199 tum.
221 1131 309 1268 apuam
322 1131 359 1192 ad
374 1132 534 1208 consulum
544 1129 744 1214 ignominlb‘in.
782 1129 896 1194 Saerire
914 1131 985 1192 inde
1005 1132 1109 1211 ntique

130 1227 224 1268 consu
239 1231 288 1273 um
301 1211 384 1280 alter,
402 1211 583 1289 Patresque3
603 1210 655 1270 sed
677 1211 755 1291 plebi
768 1209 924 1284 creverarit
943 1209 1056 1282 animi;
1075 1213 1108 1276 et

24 1356 31 1362 ,
130 1283 220 1368 louge
233 1289 304 1358 alib,
316 1287 406 1367 qudrn
420 1287 514 1368 primb
525 1285 726 1360 instituerant,
737 1290 786 1348 vit
795 1291 1012 1370 grassabantur.
1032 1289 1109 1350 Des-

132 1371 235 1503 perato
248 1369 325 1428 enirn
339 1368 492 1428 consulum
504 1371 685 1446 senatusque
702 1369 823 1440 anxilio,
834 1387 925 1446 quum
936 1367 1025 1446 injus
1036 1368 1107 1429 eluci

154 1443 294 1508 ebitorem
308 1443 463 1516 vidissent,
473 1447 605 1525 undique
616 1447 828 1516 convolabant3
846 1465 944 1523 neque
952 1445 1107 1508 decretum

132 1523 265 1586 exaudiri
283 1521 429 1590 conuulsis
442 1546 505 1617 prae
520 1525 643 1604 strepitu
657 1529 692 1584 et
701 1525 830 1585 clamore
843 1529 981 1660 dmm
1000 1541 1110 1602 neque,

133 1602 562 1686 quumdeertsset,qursquam
574 1605 802 1683 obtemperabat.
872 1601 1109 1682 lugebamume·

132 1683 240 1760 tueque
254 1681 349 1742 omnis
370 1687 402 1744 ct
420 1684 585 1763 pericnlum
606 1682 764 1752 libertatis,
784 1700 876 1762 quum
893 1680 925 1740 in
946 1687 1108 1760 conspectu

133 1759 263 1820 consulis
274 1759 387 1840 'singuli
401 1761 419 1820 d
431 1761 564 1842 pluribus
578 1758 767 1830 violarentur,
780 1760 811 1820 iu
824 1758 987 1820 creditores
1000 1757 1017 1816 a
1028 1759 1109 1820 debi-

6 1903 12 1908 ,
132 1837 244 1898 toribus
257 1845 418 1902 verterant.
468 1840 567 1922 Super
578 1839 646 1900 baec
659 1838 748 1899 timor
767 1836 891 1898 incessit
910 1837 1011 1896 Sabini
1022 1837 1093 1898 belli
1099 1857 1111 1910 ;

133 1914 311 1996 delectuque
331 1916 462 1989 decreto.
483 1939 570 1982 nemo
583 1935 692 1979 nomen
712 1917 806 1986 dedit,
821 1915 939 1976 furente
959 1915 1067 1996 Appio,
1079 1921 1111 1977 et

131 1991 301 2064 insectante
313 1991 502 2060 ambitionem
523 1995 666 2078 collegae3
683 1996 737 2134 ,pul
751 1993 885 2134 populari
904 1993 1022 2056 silentio
1035 2014 1111 2054 rern-

133 2063 284 2152 publicam'
291 2076 439 2156 proderet,
451 2083 483 2138 et
494 2077 533 2137 ad
543 2073 584 2146 id,
592 2075 672 2156 qubd
681 2095 692 2134 a
702 2095 719 2136 e
730 2094 780 2136 cre
801 2074 844 2135 ita
855 2073 980 2154 pecunia
988 2077 1039 2154 jus
1050 2091 1110 2136 non

63 2205 76 2227 Ι
133 2150 272 2224 dixisset,
287 2153 522 2233 arljiceret,utne
533 2155 682 2216 delectum
692 2153 813 2233 quidem
825 2171 862 2216 ex
873 2153 1113 2213 senatusconsul-

135 2233 169 2290 to
182 2231 319 2303 baberet;
347 2238 367 2273 “
377 2253 436 2312 non
450 2254 515 2300 esse
527 2239 628 2302 umen
651 2233 800 2294 desertam
821 2229 939 2292 omniuo
953 2231 1111 2310 rempubli-

7 2323 9 2330 ’
128 2327 214 2377 cam,
226 2328 323 2388 neque
346 2315 508 2392 projectum
534 2313 686 2374 consulare
708 2311 873 2392 imperium.
923 2309 961 2368 Se
975 2328 1066 2370 unum
1080 2316 1112 2372 sa

135 2393 230 2448 suaet
238 2387 359 2448 Petrum
368 2391 530 2470 majestatis
540 2391 686 2452 vindicem
702 2387 791 2450 sorc.”
829 2387 927 2464 Quuni
939 2387 1112 2450 circumsta-

133 2471 182 2525 ret
195 2467 369 2546 quetidiana
380 2469 539 2530 multitudo
551 2469 674 2532 licentiat
695 2488 831 2540 accensu,
852 2466 942 2548 arripi
963 2485 1054 2526 unum
1067 2466 1113 2530 iu·

134 2543 249 2626 signem
271 2545 377 2606 ducem
399 2547 577 2611 seditionum
591 2549 692 2628 jussit.
742 2549 810 2622 llle,
822 2567 912 2627 quum
928 2545 945 2604 d
959 2545 1112 2615 lictoribus

129 2629 193 2708 jam
208 2623 386 2702 traheretur,
414 2628 581 2704 reuocauit:
602 2647 657 2690 nec
673 2627 812 2689 cessisset
830 2624 1028 2708 provocationi
1043 2640 1124 2686 con··

132 2703 192 2773 sul,
204 2703 274 2782 quia
287 2723 346 2764 non
360 2647 479 2766 duilium
492 2699 558 2768 erat
572 2705 674 2786 populi
690 2705 846 2784 judicium,
870 2705 926 2764 nisi
938 2703 1019 2794 'aegrd
1033 2704 1113 2764 victa
1138 2753 1149 2774 ,

134 2781 298 2866 pertinacia
322 2782 408 2856 foret,
432 2784 555 2844 consiliu
576 2783 669 2864 magis
690 2790 721 2842 et
741 2783 916 2845 auctoritate
958 2781 1113 2871 rmcipum,

156 2860 224 2922 uim
239 2861 339 2940 populi
361 2862 487 2922 clamore
496 2882 506 2932 3
526 2861 603 2922 adab
616 2866 790 2942 supererant
810 2860 900 2920 animi
913 2804 956 2920 ael
965 2865 1114 2922 sustrnen·

134 2883 204 3002 dam
218 2938 370 3000 insidiam.
408 2942 552 3000 Crescere
565 2937 636 3000 inde
649 2938 758 3000 malum
772 2938 803 2998 in
818 2937 894 3010 dies,
906 2957 965 3000 non
979 2938 1114 2999 elamori-

134 3019 189 3080 bus
200 3017 289 3080 modb
303 3015 423 3097 apertis,
441 3016 505 3088 scd,
524 3015 713 3095 quodmnltb
725 3015 919 3096 perniciosius
932 3023 1006 3091 erat,
1017 3037 1113 3080 seces·

135 3097 219 3160 sione
233 3094 417 3174 occultisque
432 3093 595 3174 colloquiis.
635 3093 772 3156 Tandem
782 3094 870 3156 invisi
904 3097 960 3158 lebi
975 3099 1112 3160 consules

134 3175 310 3254 magistratu
329 3175 448 3248 abeunt,
465 3171 747 3260 Seruiliusneutris‚
760 3173 876 3256 Appius
914 3175 1025 3240 atribus
1038 3175 1113 3238 mire
1190 3243 1191 3246 ,

186 3265 245 3318 tus.
596 3285 599 3290 ·
662 3305 665 3314 .
771 3281 775 3286 ·

10 3337 12 3402 l
61 3335 66 3342 '
121 3275 321 3402 „ngXVlIL
342 3333 380 3392 A.
390 3330 540 3413 Virginius
548 3331 618 3395 inde
632 3333 708 3395 etT.
717 3331 859 3396 :Vetusius
871 3334 1056 3396 consulatum
1067 3333 1112 3396 in·

11 3407 12 3414 '
137 3419 219 3474 cunt.
266 3412 345 3474 Tum
360 3411 431 3471 verb
443 3411 556 3490 plebes,
568 3411 680 3474 inserta
699 3413 803 3504 quales
818 3411 953 3474 habitura
973 3413 1111 3474 consules

138 3497 227 3562 esset,
239 3495 336 3552 coetus
346 3498 515 3560 nocturnos,
527 3509 594 3570 pars
608 3491 761 3569 Esquiliis,
795 3510 842 3550 ars
851 3489 881 3550 in
895 3490 1056 3562 Aventino,
1070 3491 1112 3550 ls-

115 3631 116 3634 ,
140 3586 226 3638 cere;
245 3587 281 3630 ae
293 3569 323 3628 in
335 3566 397 3628 sero
411 3568 515 3632 subitis
522 3569 685 3648 trepidaret
694 3509 835 3638 consiliis,
848 3573 879 3628 et
889 3567 986 3629 omnia
999 3566 1111 3654 temere

139 3643 304 3712 acroasin
316 3653 429 3730 ageret..
478 3647 553 3711 llam
566 3667 629 3710 rem
642 3648 779 3712 consules
800 3645 867 3717 rati,
880 3653 914 3708 ut
926 3651 1002 3714 erat,
1012 3659 1111 3725 perus·
