2372 4116
103 197 159 292 rsa
500 185 677 278 murum

100 352 174 418 iter:
194 349 219 414 si
230 349 311 436 plebi
325 351 471 434 respirare
490 353 527 412 ab
538 371 639 413 eorum
653 351 751 414 mixtis
764 353 901 432 precibus
923 353 1075 436 minisque

101 429 199 500 liceat,
211 451 367 492 memorem
381 451 447 492 eam
461 448 579 492 suorum
587 431 726 494 inituram
737 429 824 494 sull'ra
845 432 873 492 ia
885 453 959 504 esse,
970 441 999 494 et
1008 454 1079 514 pare

101 513 133 568 to
145 509 251 598 auxilio
263 509 420 592 imperium
431 527 550 590 quoque
564 509 768 570 adsciturarn.”
784 453 915 582 Placet,
929 513 1078 574 tolleodae

100 586 264 666 ambitionis
285 593 377 650 causa
391 589 523 650 tribunos
536 587 631 681 legem
646 589 837 682 promulgare,
849 609 887 652 ne
909 591 959 666 cui
973 593 1076 652 album
1150 624 1154 627 ·

100 665 130 726 in
143 667 352 728 vestimentum
378 666 498 738 addere,
520 669 672 748 petitionis
699 667 805 729 liceret
829 674 926 729 cause.
978 668 1079 734 Parra
1158 715 1161 720 .

99 763 178 834 nunc
192 765 252 819 nes,
264 751 296 806 et
306 745 355 806 vix
368 745 446 806 serio
456 745 571 828 agenda
583 745 677 807 videri
691 747 875 828 possitquae
889 753 958 808 tunc
972 747 1080 828 ingen·

99 829 123 882 tr
137 824 299 885 certamine
312 825 417 886 Patres
430 843 464 886 ac
476 825 591 904 plebem
605 825 752 892 accendit.
792 825 900 888 Vicere
912 831 1008 894 tamen
1021 825 1079 885 tri·

98 899 180 971 troni,
197 907 232 962 ut
255 904 350 984 legem
371 903 553 984 perterrente
572 905 800 984 apparebatque,
818 904 942 966 irritatis
954 904 1080 976 animle.

101 979 217 1062 plebem
230 982 268 1042 ad
282 1001 350 1044 suos
368 983 468 1044 studia
485 981 713 1056 inclinaturam
733 1002 802 1064 quae
813 1003 851 1044 ne
862 983 1080 1058 libera-essent.

12 1125 15 1132 ,
102 1061 389 1196 aenptuseonsultum
410 1059 522 1122 factum
542 1065 598 1132 est,
616 1066 652 1128 ut
665 1061 840 1131 consularia.
852 1062 972 1132 comitia
992 1059 1080 1122 haba

102 1157 154 1198 ren
171 1157 215 1198 ur.

141 1215 252 1307 xum.
282 1217 442 1280 Tumultus
455 1237 546 1280 causa
558 1217 627 1292 luit,
642 1239 728 1302 quem
742 1221 777 1282 ab
791 1219 902 1312 AEquis
916 1223 948 1280 et
962 1215 1083 1282 Volscis

100 1293 203 1354 latum
216 1301 305 1376 atque
319 1297 444 1360 Hernici
457 1297 647 1360 sancierant.
685 1299 721 1357 Ῥ.
734 1297 899 1372 Quinctius,
920 1296 1008 1356 Lucii
1024 1295 1085 1360 fili·

101 1373 355 1464 sermocinastis
375 1376 483 1459 (eidem
497 1383 529 1438 et
549 1370 652 1438 Pemio
670 1396 831 1457 cognomen
849 1375 984 1454 additur)
998 1373 1081 1434 et'c.

102 1449 200 1514 lulius
213 1453 328 1526 Mento,
348 1456 485 1517 consules
497 1453 587 1516 iacti:
609 1475 664 1516 nec
677 1457 757 1517 ultr-<i
770 1453 864 1517 terror
870 1454 940 1515 belli
948 1458 995 1514 est
1004 1451 1085 1512 dila-

103 1537 161 1621 tus.
201 1533 282 1614 Lege
295 1540 422 1608 sacrati,
433 1553 500 1672 (pree
516 1535 642 1594 maxima
655 1535 733 1613 apud
749 1555 799 1595 eos
808 1535 853 1594 vis
865 1531 1005 1614 cogendae
1015 1529 1083 1590 mil,-

103 1613 168 1672 rtiae
182 1617 255 1682 erat,
268 1613 385 1674 delectu
406 1613 443 1674 ha
461 1613 512 1682 ito,
531 1612 670 1692 utrinque
683 1611 775 1673 validi
790 1613 940 1673 exercitus
954 1608 1081 1690 proiecti

104 1691 134 1750 in
145 1689 289 1770 Algidum
301 1711 480 1762 couvencre;
495 1691 602 1784 ibique,
610 1709 742 1752 seorsum
753 1691 859 1790 AEqui‚
873 1709 1006 1762 seorsum
1015 1687 1085 1746 Vol·

105 1769 159 1842 μοὶ,
171 1775 270 1831 castra
285 1770 521 1842 communivere3
541 1770 752 1850 intentiorque,
763 1789 852 1850 quam
864 1787 993 1850 uuquam
1003 1765 1083 1838 ante,

105 1849 259 1909 muniendi
272 1851 488 1930 exercendique
503 1849 627 1911 militem
641 1867 713 1911 cura
725 1849 850 1911 ducibus
862 1853 946 1918 erat;
966 1863 1002 1908 eo
1016 1845 1083 1925 plus

106 1928 208 1992 nuncii
220 1929 339 1992 terroris
363 1931 485 1990 Romam
509 1931 646 1996 attulere.
674 1927 812 2006 ,Senatui
833 1922 1085 1988 dictatoremdici

108 2008 237 2088 placuit:
257 2007 338 2085 quia,
352 2012 408 2069 etsi
423 2028 505 2090 saepe
520 2009 591 2068 victi
604 2003 716 2087 popul-i,
729 2007 840 2088 majore
853 2003 950 2066 tamen
959 2007 1085 2074 conatu,

108 2089 197 2170 quim
210 2087 284 2148 aliis
295 2107 433 2166 unquam,
442 2087 619 2148 rebellarent
631 2107 639 2147 ς
653 2091 684 2146 et
694 2087 879 2167 aliquantum
888 2081 1085 2160 Romanaeju·

70 2170 75 2179 '
105 2165 237 2232 uentutis
251 2169 349 2226 morbo
368 2167 553 2248 absumptum
565 2171 651 2238 erat3
678 2171 748 2227 ante
762 2164 860 2242 omnia
872 2162 1002 2242 pravitas
1016 2177 1085 2243 con·

100 2249 205 2308 ¹sulum
216 2243 422 2326 discordiaque
435 2247 512 2308 inter
523 2245 616 2325 ipsos,
625 2250 656 2306 et
670 2245 833 2307 conamina
842 2243 873 2302 in
885 2239 1016 2303 consiliis
1025 2257 1085 2298 ont·

108 2326 195 2386 nibus
205 2319 367 2388 terrebant
405 2327 491 2395 Sunt,
505 2324 557 2404 qui
577 2325 654 2386 male
671 2331 832 2406 pugnatum
846 2321 882 2381 ab
901 2321 945 2380 his
960 2316 1086 2377 consuli·
1175 2385 1176 2392 p

109 2409 163 2466 bus
177 2407 207 2466 in
223 2405 332 2485 Algido
345 2413 479 2466 auctores
494 2405 565 2476 siut,
576 2424 700 2486 eamque
722 2419 840 2464 causam
854 2398 1009 2460 dictatoris
1024 2414 1086 2454 cre·

110 2487 179 2546 andi
193 2485 291 2545 fuisse.
332 2483 411 2544 lllud
423 2485 496 2545 satis
507 2488 633 2554 constat,
646 2481 682 2543 ad
695 2475 955 2541 aliadiscorrles'in
966 2495 1026 2534 uno
1035 2472 1085 2534 ad·

110 2585 213 2625 versus
228 2565 348 2638 Patrum
362 2563 545 2624 voluntatem
560 2559 752 2626 consensisse,
761 2577 799 2616 ne
812 2555 947 2613 dicerent
959 2553 1087 2610 dictato·

65 2675 71 2694 ι
111 2663 190 2706 rem:
211 2641 416 2718 donec,quum
429 2639 487 2700 alia
498 2639 562 2704 aliis
575 2636 750 2699 terribiliora
768 2631 966 2700 adferrentur,
982 2647 1038 2688 nec
1052 2627 1084 2688 in
1174 2657 1175 2699 3

109 2719 285 2784 auctoritate
300 2725 421 2780 senatus
446 2716 579 2778 consules
599 2717 711 2781 essent,
735 2711 771 2786 Q.
792 2707 934 2770 Servilius
958 2707 1087 2782 Priscus,

114 2802 236 2864 summis
247 2793 404 2876 honoribus
421 2793 535 2878 egregit
545 2813 626 2863 usus,
637 2801 656 2828 ‘⁸
663 2793 753 2860 Vos,”
765 2789 871 2872 inquit,
878 2795 900 2822 '⁶‘
907 2785 1018 2846 tribuni
1028 2785 1087 2878 ples

112 2881 166 2953 bis,
179 2879 316 2961 quoniam
330 2880 368 2940 ad
381 2882 512 2939 extrema
524 2877 644 2951 ventum
660 2879 715 2942 est,
725 2875 845 2931 senatus
858 2865 1002 2948 appellat,
1015 2871 1047 2924 ut
1057 2881 1085 2924 nr
1173 2883 1174 2890 ¹

113 2966 198 3019 tanto
212 2957 381 3019 discrimine
394 2951 565 3038 reipublicae
585 2950 760 3032 dictatorem
771 2947 871 3008 dicere
885 2943 1023 3005 consules
1036 2961 1085 3022 pro
1172 3013 1173 3016 Ἴ

113 3043 260 3116 potestate
274 3034 518 3118 vestrscogatis.”
557 3031 624 3108 Qui
637 3049 710 3090 voce
724 3027 836 3096 auditi,
847 3023 1029 3086 occasionem
1041 3021 1086 3080 ob·
1172 3043 1173 3098 p

115 3121 203 3175 latam
217 3114 275 3173 rati
288 3115 397 3176 tribuni
412 3113 557 3194 augenda
572 3107 729 3191 potestatis
743 3106 896 3174 secedunt,
907 3121 1017 3182 proque
1031 3097 1087 3160 ool·

114 3193 192 3273 legio
204 3191 410 3271 pronunciant,
423 3201 441 3226 ‘⁸
451 3193 579 3266 plaeere,
593 3189 731 3246 consules
747 3183 863 3248 senatui
877 3181 957 3241 dicto
969 3177 1087 3237 audien·
1170 3213 1172 3254 3

114 3269 161 3334 tos
173 3287 254 3332 esser
281 3267 306 3328 si
330 3267 472 3328 adversus
489 3282 672 3330 consensum
693 3261 867 3342 amplissimi
887 3254 996 3317 ordinis
1009 3255 1086 3316 ultrl
1171 3255 1172 3290 ³

112 3349 258 3418 tendant,¹
268 3347 297 3408 in
312 3344 430 3406 vincula
441 3362 473 3404 se
486 3341 555 3404 duci
569 3356 619 3402 eos
629 3342 793 3424 jussuros’·
831 3335 975 3418 Consules
989 3333 1025 3392 ah
1038 3333 1087 3394 tri·
1169 3375 1171 3388 .

112 3427 210 3496 bunis,
223 3426 311 3505 quim
325 3425 360 3484 ab
374 3427 488 3493 senatu,
501 3421 579 3482 vinci
594 3417 780 3485 maluerunt;
801 3413 975 3506 “proditum
992 3411 1005 3468 :l
1023 3411 1085 3504 tlat-

115 3505 195 3565 ribus
217 3504 323 3563 summi
346 3499 459 3582 imperii
471 3503 530 3581 jus,
543 3501 702 3578 datumque
723 3497 776 3554 sub
795 3497 827 3572 ju
851 3513 900 3552 um
922 3493 1083 3552 tribuniciae

115 3583 257 3662 potestati
270 3576 473 3642 consulatum”
485 3582 700 3662 memorantes}
717 3583 735 3610 “
745 3515 889 3654 siquidem
903 3570 966 3663 cogi
980 3568 1085 3661 aliquid
1168 3589 1170 3650 ξ

115 3679 170 3738 pro
178 3663 325 3742 potestate
333 3659 368 3718 ab
376 3657 493 3720 tribuno
503 3656 647 3740 consules,
661 3654 771 3736 et·(quo
784 3649 857 3734 quid
865 3651 990 3722 ulterius
998 3663 1085 3734 pora·
1169 3657 1170 3716 g

892 3761 899 3783 l
