2394 4138
798 108 817 170 i
840 125 854 172 Ἀ
874 124 877 130 ’
889 137 900 180 ;
920 121 923 131 ’
947 119 951 126 ’
1008 139 1012 146 ’

94 253 143 309 aa
292 305 295 311 ,
488 245 542 308 vr.
562 234 677 308 arun.
800 201 925 374 '‘t‘l'sj
1014 329 1017 339 Ι
1048 301 1085 363 ,ὅ

97 425 163 468 rem
175 405 284 477 scribit,
301 423 447 468 summam
466 396 603 485 pecuniae
624 423 720 484 aeque
744 423 782 466 ex
801 405 890 476 anius
911 379 976 472 tum
997 402 1082 465 urbis

98 486 202 565 praeda
215 483 443 566 sperandamet
455 481 626 568 nulliusne
639 483 740 544 horum
754 481 876 563 quidem
889 482 1081 568 magnificen-

93 563 294 702 ·dzqqemm‚
307 561 501 624 fundamenta
514 581 574 622 non
588 567 840 643 exsuperaturam.
1067 569 1069 574 “

249 643 387 702 intentus
410 633 592 724 perficiendo
613 639 742 722 templo,
768 640 857 703 fabris
883 641 1015 722 undique
1043 659 1082 702 ex

95 717 216 781 Etruria
229 719 414 792 accitis,non
440 719 568 802 pecunia
582 718 679 780 soldm
702 719 741 780 ad
760 719 792 782 id
825 721 924 792 ablica
937 727 1083 796 est'uwsa

92 797 151 868 ,sed
165 799 262 879 operis
280 799 370 860 etiam
384 801 436 860 ex'
459 798 544 869 iebe3
564 795 615 896 qui
629 817 721 878 quum
733 741 825 860 baudp
832 819 939 880 parvus
959 805 991 859 et
1013 799 1081 878 ipse

91 875 211 938 militiae
225 877 385 938 adderetur
405 878 435 938 la
471 897 494 949 r,
508 875 607 938 minus
621 882 720 938 tamen
734 877 816 956 plebs
837 879 1023 958 gravabatur,
1046 895 1082 937 se

96 955 208 1035 templa
222 955 320 1016 Deum
333 953 519 1016 exaedificare
532 953 666 1016 manibus
679 953 758 1016 suis:
779 973 847 1034 quae
861 954 983 1036 posthac
998 953 1080 1014 etad
1187 954 1192 988 ²

94 1033 164 1104 alia,
177 1038 211 1094 ut
223 1035 322 1116 specie
336 1033 457 1104 minora,
469 1033 513 1094 sic
522 1033 629 1094 laboris
639 1033 679 1094 ali
702 1033 793 1094 nanto
803 1034 933 1114 majoris,
943 1032 1083 1108 traduce·

88 1112 181 1171 ·batur
200 1132 304 1192 opera;
326 1111 404 1172 loros
425 1112 457 1172 in
482 1111 561 1172 circo
584 1053 745 1181 faciendos,
772 1101 1116 1192 ettacanquff‘miii?

94 1207 184 1260 mam,
197 1191 416 1269 receptaculum
430 1189 831 1294 omniumpprgamentor'um
842 1187 937 1262 urbis,
950 1191 1004 1250 sub
1020 1193 1079 1249 ter·

94 1285 159 1328 ram
172 1269 316 1347 agendam
326 1277 344 1326 r·
354 1269 459 1347 quihus
480 1268 592 1330 duobus
611 1267 747 1348 operibus
760 1268 810 1328 vix
823 1287 906 1350 nova
921 1269 986 1328 haec
1001 1287 1080 1348 mag·

91 1345 246 1415 uilicentia
259 1345 418 1426 quicquam
431 1346 588 1426 adaequare
611 1347 715 1426 potuit.
755 1347 811 1407 His
825 1345 970 1406 laboribus
992 1365 1077 1406 exer·
1105 1376 1107 1380 .

96 1424 159 1483 cita
169 1424 268 1515 plebe,
289 1420 357 1506 quia
371 1431 402 1490 et
421 1423 483 1485 urbi
506 1425 736 1499 multitudinem,
750 1425 797 1485 ubi
820 1445 892 1492 usus
914 1435 972 1484 nou
986 1427 1080 1497 esset,

96 1519 178 1562 onera
195 1505 313 1582 rebatur
325 1523 400 1574 esse,
413 1509 444 1564 et
467 1504 579 1564 colonis
593 1503 746 1566 mittendis
768 1505 905 1585 occupari
921 1501 1011 1564 latids
1023 1501 1079 1562 im·

90 1581 170 1660 perii
197 1582 271 1642 lines
297 1583 434 1652 volebat;
465 1581 597 1662 Signiam
623 1581 814 1664 Circajosque
840 1583 960 1642 colonos
986 1579 1079 1652 misit,
1193 1609 1194 1613 ,

94 1659 236 1738 praesidia
255 1660 320 1719 urbi
342 1659 443 1720 futura
464 1665 545 1721 terri
563 1661 707 1740 marique.
748 1661 823 1722 ilaec
847 1659 946 1741 agenti
954 1664 1078 1739 porten-

92 1744 160 1797 tum
181 1737 311 1798 terribile
328 1739 439 1808 visum;
465 1739 578 1819 anguis,
595 1759 632 1800 ex
656 1739 792 1802 columna
811 1739 911 1832 lignea
951 1741 1079 1818 elapsae,
1096 1809 1099 1816 Ι

2 1879 4 1883 ,
96 1835 188 1896 quum
202 1821 344 1878 terrorem
357 1816 514 1897 fugamque
529 1818 560 1878 in
573 1818 684 1900 regiam
696 1817 827 1884 fecisset,
839 1801 920 1898 rplu's
929 1817 1006 1901 regis
1019 1835 1077 1876 non

92 1901 157 1985 tam
170 1895 267 1955 subito
280 1915 387 1976 pavore
401 1896 654 1988 perculitpectus,
663 1896 754 1988 quim
770 1897 864 1986 anxiis
878 1895 1013 1974 implevit
1028 1915 1078 1954 cu·

35 2023 37 2028 ’
82 1973 1077 2137 ttrnldtittmtititillat'titiudtttitttiltt

1 2160 2 2163 ¹
91 2129 131 2189 ad
145 2121 270 2190 maximi
283 2129 430 2209 inclytum
443 2127 474 2188 in
489 2129 575 2188 terris
588 2127 738 2188 oracuhrm
750 2127 868 2188 mittere
878 2128 1003 2198 statuit;
1025 2147 1078 2190 nc·
1135 2155 1139 2160 ·

87 2227 151 2287 que
172 2227 313 2288 responsa
325 2205 447 2267 sortium
459 2205 515 2266 ulli
535 2205 586 2267 alii
599 2206 785 2268 committere
797 2225 896 2279 ausus,
908 2207 984 2267 duos
997 2205 1075 2270 filios

1 2359 2 2362 Ἴ
92 2304 148 2368 per
167 2286 283 2367 ignotas
301 2291 339 2345 ea
354 2289 532 2366 tempestate
550 2291 658 2357 terras,
678 2285 823 2369 ignotiora
836 2287 938 2359 maria,
945 2286 976 2346 in
990 2285 1076 2346 Grae·

92 2364 169 2424 ciam
185 2363 272 2426 misit.
310 2365 400 2426 Titus
418 2369 449 2424 et
470 2367 571 2425 Aruns
594 2364 741 2446 prosecti;
765 2384 864 2430 comes
887 2365 933 2431 his
954 2363 1074 2426 additus

1 2471 2 2475 ¹
93 2441 130 2502 L.
152 2443 258 2506 lunius
282 2444 403 2514 Brutus,
424 2441 591 2524 Tarquinii
618 2463 717 2506 sorore
743 2443 821 2524 regis
842 2450 939 2512 natus,
954 2443 1074 2521 juvenis
1130 2483 1135 2488 -

93 2520 182 2603 longe
196 2522 271 2616 alius
284 2519 411 2610 ingenio,
423 2519 513 2611 quim
527 2522 610 2610 cujus
624 2521 844 2580 simulationem
857 2521 1003 2580 induerat.
1043 2519 1074 2594 Is

1 2699 2 2748 r
91 2598 1076 2756 l?tristitiiuitiii’ttqttitutilititatem&

1 2779 3 2800 ι
90 2754 265 2823 timendum,
291 2770 387 2830 neque
411 2753 443 2812 in
470 2751 588 2814 fortuna
608 2751 878 2846 concupiscendum
904 2752 1073 2832 relinquere

92 2833 206 2903 statuit,
216 2837 445 2910 contemptuque
458 2837 541 2892 tutus
555 2851 630 2902 esse,
641 2832 690 2892 ubi
702 2851 732 2892 m
741 2833 809 2912 jure
822 2851 924 2912 parurn
939 2831 1074 2914 praesidii
1092 2889 1094 2893 ,

92 2918 181 2972 esset.
219 2909 298 2990 Ergo
319 2928 356 2968 ex
376 2907 522 2969 industria
544 2910 642 2972 lactus
659 2910 697 2970 ad
718 2910 913 2971 imitationem
927 2909 1075 2981 stultitiae,

0 3046 1 3075 p
92 3009 182 3070 quum
196 3009 228 3050 se
253 3007 363 3067 suaque
389 2989 502 3069 praedae
529 3008 595 3050 essa
615 2989 679 3070 regi
705 2989 825 3062 sineret,
848 2989 935 3050 Bruti
955 3009 1072 3125 quoque

0 3120 1 3139 ,
88 3063 168 3129 irand
184 3067 285 3128 abnuit
298 3086 479 3130 coenoman:
499 3073 533 3128 ut
546 3069 600 3128 sub
612 3069 676 3148 ejus
690 3069 812 3138 obtentu
825 3067 1006 3148 cognominis
1031 3067 1073 3126 ib-

0 3210 1 3213 ¹
93 3152 191 3206 erator
203 3145 255 3205 ille
268 3119 367 3226 popuiii
382 3145 507 3206 Romani
528 3145 643 3208 animus
657 3137 754 3207 latelis
765 3143 949 3228 opperiretur
961 3151 1072 3234 tempq-
1193 3227 1194 3234 ἵ

0 3232 1 3297 j
90 3243 125 3288 ra
139 3243 199 3286 sua.
240 3221 270 3284 Is
283 3231 346 3283 tum
361 3221 531 3300 Tarquiniis
545 3223 652 3284 ductus
670 3225 810 3304 Delphos,
824 3225 981 3286 ludibrium
994 3242 1086 3308 verr-p
1193 3253 1194 3275 κ

0 3306 1 3347 l
93 3301 140 3374 ds,
196 3302 242 3362 im
257 3321 365 3370 comes
378 3319 513 3362 aurerum
525 3301 673 3373 baculum,
687 3303 954 3376 inclusumcorneo
967 3305 1072 3360 cavato

0 3382 1 3387 ’
91 3381 129 3439 ad
144 3321 311 3450 iibaeulo,
329 3377 433 3440 tulisse
454 3381 564 3439 donum
585 3379 719 3459 Apollini
732 3381 851 3450 dicitur,
870 3400 923 3460 per
935 3378 1070 3458 ambages

1 3449 3 3520 i
92 3457 339 3539 effigiemingenii
361 3457 416 3517 sui.
456 3457 523 3532 Qud
543 3464 698 3540 postquam
712 3465 832 3519 ventum
853 3465 908 3528 est,
928 3455 1071 3539 perfectis

1 3537 4 3591 ἶ
88 3537 185 3616 patris
197 3536 355 3607 mandatis,
374 3535 482 3616 cupido
495 3537 618 3597 incessit
633 3535 747 3597 animos
762 3533 1072 3617 iuvenum'sciscitan·

0 3666 1 3669 ,
91 3615 134 3684 di,
147 3615 184 3674 ad
198 3635 286 3696 quem
301 3634 400 3678 eorum
414 3633 536 3698 regnum
548 3615 713 3676 Romanum
726 3623 806 3677 esset
818 3623 985 3676 venturum.
1024 3613 1071 3675 Ex

1192 3569 1193 3610 l

83 3691 192 3758 ¹intimo
213 3713 301 3776 specu
326 3713 429 3756 vocem
462 3693 610 3760 redditam
632 3693 751 3756 ferunt:
781 3702 800 3759 t‘
809 3694 970 3778 Imperium
989 3697 1069 3764 Μ·
1186 3695 1193 3790 l

1192 3849 1193 3887 l
