2394 4138
96 259 143 324 ’40
502 255 542 316 Τ.
555 245 676 318 mvn.

104 415 160 480 tua
172 412 305 480 consueti
317 417 403 476 erunt
414 416 539 494 uterque
555 401 718 496 dgrestibus
737 399 978 486 sementaricia
991 399 1085 476 veiti-

103 495 174 558 bulo
185 495 285 578 regiae,
307 495 397 575 quim
421 503 542 584 potuere
561 491 833 565 tumultuosissime,
850 493 948 576 specie
962 494 1035 554 rixae
1049 494 1083 554 in

105 593 138 638 ee
151 593 252 636 ornnes
264 593 301 654 ap
366 581 445 634 tores
458 591 553 652 regms
575 577 753 632 convertunt
765 592 773 642 ;
793 571 870 643 inde,
884 591 973 654 quum
994 574 1084 632 arnbo

102 661 204 734 regern
217 593 412 733 appelidnrent,
425 652 593 731 clamorque
607 669 708 710 eorum
760 649 838 711 nitus
849 649 879 710 in
891 652 999 731 regiam
1013 671 1085 731 per·

103 730 245 797 venisset,
258 731 354 792 vocati
369 731 406 791 ad
430 749 530 812 regem
544 735 679 822 pergunt.
718 669 817 788 iiiam
827 737 955 808 uturque
968 729 1085 790 vocite-

101 809 171 879 mri,
190 816 223 870 et
235 809 369 870 certatim
383 810 460 869 alter
472 811 558 870 atteri
579 814 677 867 obstre
717 829 758 878 re,
774 807 892 868 coerciti
909 808 946 866 ab
959 807 1083 880 lictore,

102 893 135 946 et
147 887 224 966 jussi
237 885 269 947 in
288 887 384 949 vicem
396 887 507 959 dicere,
527 885 679 948 tandemu
698 887 778 966 loqui
796 889 950 948 desistunt.
992 887 1082 945 Unus

101 981 164 1024 rem
184 985 222 1027 ex
235 967 398 1048 composito
418 966 539 1027 orditur.
578 965 655 1024 Cum
676 965 810 1024 intentus
829 966 860 1024 in
879 983 945 1024 eum
967 984 1000 1024 se
1013 965 1085 1026 Rex

102 1045 184 1104 totus
197 1051 353 1116 averteret,
365 1048 442 1108 atter
462 1046 570 1106 elatam
591 1043 719 1106 securim
743 1047 773 1104 in
789 1039 1018 1124 caput'dejecit3
1041 1063 1085 1102 re·

91 1117 234 1204 (lictuque
244 1123 275 1182 in
289 1125 412 1184 vulnere
422 1123 493 1197 telo,
503 1125 588 1184 ambo
601 1143 633 1187 se
646 1122 725 1182 foras
738 1123 871 1204 ejiciunt.
991 1193 995 1201 ς

143 1199 441 1262 xn1.Taruinium
465 1201 669 1260 moribundum
690 1219 790 1280 quum,
812 1198 863 1279 qui
887 1199 967 1260 circei
989 1204 1083 1270 erant,

101 1277 298 1357 excepissent,
307 1221 376 1338 iilos
390 1277 536 1358 fugientes
548 1278 667 1358 lictores
679 1279 951 1359 cornprehendunt;
972 1277 1082 1338 clamor

100 1353 173 1415 inde
186 1375 345 1416 concursus
368 1377 404 1416 ue
416 1375 453 1437 po
475 1357 525 1426 uli,
539 1356 707 1416 mirantium
719 1357 791 1436 quid
799 1358 848 1416 rei
857 1365 945 1419 esset
983 1357 1083 1418 Tana·
1121 1359 1122 1362 ’

101 1433 164 1510 quii
179 1433 256 1494 inter
267 1377 428 1496 tumuitum
443 1375 541 1496 ciaudi
554 1437 664 1517 regiam
674 1435 768 1516 jubet,
785 1436 912 1496 arbitros
925 1435 1023 1520 ejicit3
1045 1436 1083 1495 si·

100 1515 174 1582 mut,
187 1531 255 1593 quae
269 1515 401 1576 curando
422 1514 537 1574 vulneri
551 1534 623 1594 opus
647 1523 726 1584 sunt,
738 1520 880 1594 tanquam
903 1536 918 1575 s
940 1538 971 1577 es
985 1515 1082 1575 subes-

93 1599 157 1664 set,
171 1591 277 1651 sedutd
290 1599 457 1674 comparat;
478 1593 575 1660 simut,
598 1593 623 1652 si
637 1593 781 1654 destituat
807 1613 884 1674 spes,
898 1537 957 1654 uiia
979 1589 1082 1674 praesi·

100 1669 152 1728 dia
165 1671 292 1730 molitur.
333 1669 435 1730 Servio
454 1668 576 1750 propert
589 1671 693 1742 accito,
706 1691 797 1750 quum
810 1672 887 1754 pund
901 1691 1082 1752 exsanguem

100 1748 197 1808 vitum
221 1749 418 1818 ostendissem
438 1748 572 1810 dextram
594 1757 701 1810 tenens
720 1757 794 1832 urat,
818 1771 856 1812 ne
869 1751 995 1814 inultam
1007 1771 1083 1810 mur·

102 1829 163 1888 tem
178 1827 282 1900 soceri,
296 1849 333 1889 ne
345 1831 462 1890 socrum
476 1827 604 1892 inimicis
614 1829 740 1890 ludibrio
754 1849 818 1890 esse
833 1829 920 1890 sinat.
956 1831 1084 1888 “Tuum

102 1913 175 1978 est?
194 1907 302 1987 inquit,
321 1916 338 1942 ‘¹
348 1908 443 1982 Servi,
466 1907 492 1966 si
511 1911 559 1968 vir
582 1928 623 1978 es,
646 1929 678 1968 re

99 1983 207 2044 alienis
225 1986 359 2046 manibus
372 1987 541 2064 pessimum,
553 1985 668 2044 facinus
679 1929 788 2044 iecere.
826 1984 914 2117 Eripe
937 1989 976 2051 te,
990 1986 1085 2046 Deos·
1099 2030 1103 2035 «
1176 2037 1186 2050 ,

100 2065 160 2199 que
173 2063 265 2123 duces
278 2081 412 2140 sequere,
425 2063 476 2139 qui
489 2063 601 2120 clarum
626 2061 681 2120 hoc
695 2059 756 2124 fore
771 2065 860 2140 caput
894 2058 973 2120 ivino
1006 2079 1083 2123 uon·

123 2159 170 2199 am
193 2138 371 2202 circumfuso
391 2139 452 2218 igni
466 2138 689 2218 portenderunt
728 2137 819 2199 Nunc
838 2143 868 2198 te
883 2137 935 2198 iila
948 2079 1084 2202 coeiestis

102 2219 214 2279 excitet
226 2219 360 2280 flamma:
381 2237 460 2278 nuuc
474 2217 678 2299 expergiscere
691 2217 772 2300 vert.
812 2219 853 2282 Et
866 2239 920 2288 nos
933 2220 1085 2302 peregrini

98 2313 132 2360 re
174 2297 306 2368 avimus„
334 2297 394 2376 Qui
407 2299 457 2372 sis,
468 2317 527 2361 nen
540 2298 619 2360 uude
632 2303 718 2361 natus
729 2299 780 2376 sis,
791 2305 905 2382 reputa.
946 2301 977 2361 Si
989 2309 1083 2362 tuere

103 2395 137 2438 su
158 2379 200 2439 im
214 2379 338 2444 consilia
351 2387 397 2442 tor
437 2386 478 2450 nt,
491 2386 523 2442 at
535 2387 647 2442 tumea
672 2387 821 2462 sequere”
860 2381 958 2455 Quum
972 2379 1084 2440 clamor

100 2455 288 2540 impetusque
301 2460 388 2520 multi
411 2459 508 2518 udinis
532 2461 582 2519 vix
594 2451 734 2518 sustineri
747 2467 858 2538 posset,
880 2479 916 2532 ex
931 2456 1081 2591 supprime

143 2530 187 2597 rte
211 2538 320 2598 aedium
337 2556 392 2615 per
404 2537 557 2603 fenestras,
577 2536 609 2594 in
623 2537 819 2594 novamviam
833 2553 942 2603 versas,
962 2537 972 2614 (
992 2531 1083 2592 abita·

102 2555 245 2674 ditentur
260 2635 310 2674 rex
331 2612 370 2671 ad
396 2612 477 2672 Jovis
491 2608 627 2686 Statoris)
640 2612 782 2690 populum
795 2613 943 2689 Tanaquil
958 2611 1081 2688 alloqui·

102 2696 162 2751 tur.
199 2693 288 2754 Jubet
307 2699 324 2726 “
333 2691 407 2749 bono
421 2689 519 2749 animo
533 2709 607 2757 esse,
620 2689 747 2769 sopitum
763 2689 853 2750 tuisse
872 2709 971 2772 regem
984 2690 1080 2750 subito

102 2769 183 2845 ictu3
205 2756 315 2832 fernim
336 2769 414 2828 haud
435 2767 495 2828 adtd
513 2753 668 2846 in‘curpus
693 2767 884 2831 descendisse
896 2788 905 2839 ;
919 2768 983 2850 jam
997 2767 1034 2828 ad
1048 2789 1082 2832 se

102 2851 225 2912 redisse.
265 2849 438 2930 Inspectum
459 2847 566 2928 vulnus
590 2847 721 2906 absterso
743 2857 863 2918 cru'ore3
886 2848 984 2909 omnia
1004 2848 1082 2910 salu·

27 2937 29 2942 '
102 2929 166 2990 bria
179 2950 265 3001 esser
285 2927 443 2998 confidere,
464 2925 634 3008 propediem
648 2925 743 3006 ipsum
761 2946 811 2987 eos
825 2927 948 2988 visuros·
987 2927 1083 2988 Inter·

101 3006 143 3066 im
166 3009 268 3067 Servio
291 3007 394 3068 Tullio
412 3008 517 3088 jubere
537 3005 677 3088 populum
691 3005 772 3068 dicto
785 3003 953 3070 audientem
968 3025 1081 3065 esse.-

103 3083 180 3146 Eum
197 3087 266 3164 jura
276 3087 472 3154 redditurum,
492 3087 696 3164 obiturumque
718 3085 775 3148 alia
788 3083 865 3166 regis
878 3083 979 3142 munia
991 3089 1083 3141 esse?

106 3163 226 3226 Servius
240 3183 306 3222 cum
326 3166 426 3224 trabea
439 3170 470 3223 et
481 3164 640 3224 :lictoribus
676 3163 753 3222 rodit
761 3184 770 3234 ;
791 3183 837 3236 ac,
857 3162 927 3222 sede
940 3165 1021 3240 regia
1035 3179 1082 3220 se·

2 3283 3 3286 =
104 3241 190 3313 dene,
203 3242 260 3304 aliu
272 3241 418 3312 decernit,
430 3241 468 3299 de
479 3240 544 3298 aliis
559 3183 761 3304 consuiiumm
775 3260 807 3308 se
820 3259 918 3320 regem
934 3259 999 3298 esse
1012 3239 1082 3296 sim·

105 3323 185 3393 ulat3
202 3322 312 3398 itaque,
335 3338 388 3398 per
408 3318 521 3396 aliquot
533 3317 606 3387 dies,
630 3337 720 3395 quum
737 3320 800 3396 jam
820 3311 984 3397 expirasset
1006 3312 1081 3374 Tar-

104 3400 339 3478 quiniusceiatt
363 3405 466 3466 morte,
478 3415 531 3474 per
558 3395 688 3475 speciem
702 3396 808 3454 alienae
832 3393 992 3476 iungendae
1003 3391 1081 3464 *vicis

103 3497 173 3538 aues
187 3497 256 3557 opes
270 3473 416 3550 tir-marim
436 3481 500 3532 tum
516 3473 634 3534 demum
656 3473 753 3554 petam
772 3473 862 3547 factor
875 3483 905 3534 et
919 3463 1081 3552 complura·

104 3558 191 3617 tinne
199 3558 233 3616 iu·
242 3553 325 3635 regia
337 3557 412 3622 ortt,
425 3553 553 3633 Servius,
567 3553 706 3632 praesidio
718 3551 802 3611 firmo
817 3549 956 3622 munitus,
968 3551 1081 3633 primus

104 3634 216 3714 injussu
246 3633 356 3714 pupuli,
377 3632 529 3691 voluntate
555 3632 674 3691 Patrum
701 3629 843 3710 regnavit.
883 3631 961 3698 Anci
987 3629 1094 3700 tiberis
1121 3676 1123 3680 s

98 3715 165 3792 jam
178 3725 249 3780 tuuc
263 3709 481 3793 comprehensis
502 3709 623 3788 sceleris
643 3707 795 3786 ministris,
815 3717 850 3774 ut
862 3711 960 3786 virere
973 3726 1081 3790 regem)
1160 3764 1166 3775 .

700 1927 767 1966 num
778 1928 787 1976 ;
813 1927 872 1966 non
896 1927 1006 1975 eorum,
1031 1905 1084 1988 qui
1172 1903 1179 1918 ‘
