2394 4138
533 205 662 268 ornan
681 199 724 265 ιι.
1079 199 1119 270 ss
1176 283 1181 290 .

18 318 27 412 i
141 367 189 430 ose
202 367 337 439 vocatus
347 365 559 430 tumultuosius
570 365 744 434 consulitur,
757 362 952 443 quaestionem
966 365 1117 444 postulan-

138 447 219 507 tibus
233 446 280 520 iis,
291 449 341 526 qui
355 443 464 526 pulsati
473 445 600 514 suerunt,
606 444 784 504 decernente
797 443 978 504 ferocissimo
989 461 1118 526 quoque,

135 541 195 585 non
207 526 363 586 sententiis
385 523 486 606 magis,
506 522 596 603 quam
612 521 739 582 clamore
752 529 783 581 et
796 522 930 602 strepitu.
970 521 1118 594 Tandem,

137 621 229 684 quum
243 603 295 664 irae
307 603 498 672 resedissent,
508 603 750 682 exprobrantibus
762 601 940 672 oonsulibus,
948 599 1040 660 nihilo
1051 602 1117 678 plus

137 681 277 742 sanitatis
290 683 320 742 in
334 683 424 750 curia,
438 699 526 771 quarn
540 682 571 740 in
593 679 665 748 foro,
684 697 760 750 esse,
773 679 875 740 ordine
890 679 1002 739 consuli
1015 679 1118 760 coepit.

125 751 220 820 ..Tres'
228 760 310 821 fuere
325 766 493 820 sententiae.
525 760 558 820 P.
569 757 719 848 Virginius
733 777 792 816 rem
805 777 864 817 non
876 758 924 816 vul
935 761 1028 816 rabat:
1048 763 1068 794 ‘⁸
1077 757 1117 818 de

135 837 174 898 iis
188 838 319 910 tantum,
343 838 403 917 qui,
426 833 516 900 fidem
539 841 634 898 secuta
648 837 680 894 P.
695 835 812 895 Servilii
836 781 974 906 consulis,
996 835 1117 906 Volsco,

134 917 292 987 Aurunco,
306 917 470 998 Sabinoque
484 916 666 976 militassent
685 914 772 982 bello,
786 915 951 994 agendum”
969 917 1117 974 censebat.

131 993 177 1053 T.
190 995 322 1063 Lartius,
341 993 435 1053 “Non
457 993 488 1052 id
508 1001 630 1076 tompus
646 990 720 1062 esse,
743 997 775 1050 ut
790 991 893 1051 merito
914 993 1116 1053 tantummodo

137 1073 384 1142 exsolverentur3
414 1077 505 1132 totam
531 1074 645 1153 plebem
661 1091 721 1131 aere
734 1067 831 1130 alieno
852 1071 1015 1130 demersam
1030 1089 1115 1136 esse:

135 1169 195 1210 nec
204 1150 269 1212 sisti
276 1171 369 1231 posse,
378 1150 408 1208 ui
417 1151 550 1210 omnibus
559 1151 744 1218 consulatum
756 1149 868 1226 quin,si
877 1150 934 1208 alia
944 1147 1063 1208 aliorum
1076 1148 1116 1210 sit

134 1227 278 1298 conditio,
300 1227 422 1288 accendi
445 1229 538 1310 magis
565 1227 751 1297 discordiam,
775 1226 1016 1293 oudin-sedari?
1055 1227 1113 1306 Ap.

134 1305 292 1380 Claudius,
300 1312 331 1365 et
344 1311 450 1366 natura
463 1307 593 1376 immitis,
604 1313 635 1367 et
648 1305 788 1366 efferatus
801 1305 869 1364 hinc
881 1306 976 1386 plebis
990 1307 1070 1380 odio,
1079 1307 1114 1366 il.

133 1383 196 1454 linc
219 1383 339 1444 Patrum
360 1383 508 1455 laudibus,
530 1393 547 1418 “
560 1385 629 1460 Non
650 1385 803 1452 miseriis,”
822 1384 873 1452 ait,
885 1385 965 1443 “sed
981 1384 1113 1456 licentis,

133 1467 249 1522 tantum
268 1462 424 1523 concitum
449 1465 621 1532 turbarum3
651 1469 683 1520 et
709 1461 846 1521 lascivire
869 1462 961 1540 magis
987 1463 1113 1542 plebem,

133 1540 222 1620 quim
245 1541 358 1601 sarrire.
411 1540 447 1600 ld
470 1541 545 1600 adea
565 1541 676 1600 malum
698 1560 738 1600 ex·
759 1539 966 1620 provocatione
991 1545 1111 1612 natum;

132 1620 243 1700 quippe
256 1618 351 1680 minas
362 1639 427 1679 esse
442 1620 604 1689 consulum,
617 1637 675 1678 non
691 1617 845 1698 imperium
853 1637 862 1688 3
884 1617 931 1678 ubi
945 1618 982 1676 ad
992 1619 1110 1708 eosqui

131 1717 191 1758 unu
202 1698 572 1779 peccaverintprovooare
586 1698 684 1756 liceat.
724 1695 890 1778 Agedum,”
903 1697 1008 1774 inquit,
1020 1705 1037 1730 ‘⁶
1048 1697 1110 1756 drc·

15 1843 16 1848 ¹
133 1782 269 1846 tutorem,
283 1775 300 1833 a*
314 1795 373 1854 quo
388 1778 556 1855 provocatio
576 1795 636 1834 non
649 1781 705 1844 est,
718 1793 861 1834 creemus.
900 1775 964 1834 lam
980 1774 1037 1842 ilic,
1049 1795 1109 1852 quo

131 1872 211 1914 nuno
226 1855 323 1914 omnia
337 1854 453 1921 ardent,
466 1854 650 1914 conticescet
664 1853 753 1912 furor.
791 1851 896 1912 Pulset
905 1857 967 1910 turn
977 1848 1109 1930 milrilio·

14 1955 16 1992 ς
130 1935 235 2004 torer'n,
247 1933 299 2012 qui
310 1933 396 2001 sciet,
406 1933 457 2012 jus
466 1931 505 1992 de
517 1939 601 2070 terpo
614 1931 734 2008 rituque
748 1949 802 1990 sua
813 1947 904 2010 penes
919 1948 1009 1990 unum
1023 1929 1108 1992 illum

131 2027 206 2080 esse,
220 2013 303 2090 cujus
318 2012 501 2102 majestatem
516 2011 564 2070 vio
577 2010 665 2069 avit.’'

16 2111 18 2116 ·
170 2089 266 2147 XXX.
285 2089 400 2160 Multis,
421 2094 455 2149 ut
468 2098 539 2160 erat,
553 2088 670 2150 horrida
683 2093 715 2150 et
735 2092 820 2148 atrox
838 2086 993 2149 videbatur
1013 2086 1105 2170 Appii

88 2109 296 2254 xsententia-2
310 2185 410 2228 rursus
420 2167 546 2248 Virginii
555 2168 708 2247 Lartiique
722 2167 942 2248 exemplohaud
951 2167 1083 2228 salubres
1095 2187 1105 2238 3

131 2243 236 2322 utique
249 2244 344 2304 Lartii
359 2249 498 2324 putabant
520 2247 705 2317 sententiam,
726 2264 794 2325 quae
809 2251 902 2306 totam
917 2245 1004 2306 fidem
1020 2245 1106 2306 tolle·

76 2355 86 2363 ·
130 2329 194 2392 ret;
216 2321 483 2383 medium‘maximd
493 2326 715 2394 etmoderatnm
729 2331 855 2402 utroque
868 2323 1024 2389 consilium
1038 2323 1104 2384 Vir·

122 2399 204 2480 graii
218 2399 386 2460 habebatur.
426 2402 485 2478 Sed
496 2403 631 2464 ‘factione
645 2412 842 2484 respectuque
863 2423 961 2464 rerum
976 2403 1103 2482 privata·

127 2495 204 2546 rum,
217 2497 285 2570 quae
301 2499 416 2560 semper
426 2481 550 2542 obiecere
559 2481 745 2562 officientque
753 2481 878 2574 publicis
890 2481 1031 2551 consiliis,
1042 2481 1103 2561 Ap-

126 2555 194 2636 pius
208 2556 297 2621 vrcitz
321 2575 355 2617 ac
377 2579 466 2640 prope
485 2557 550 2632 furit,
567 2569 600 2620 ut
613 2561 740 2622 dictator
760 2559 812 2620 alle
825 2559 904 2622 idem
929 2565 1100 2630 crearetur5

126 2653 195 2714 quae
211 2653 258 2694 res
270 2635 373 2728 utique
385 2637 547 2720 alienasset
588 2641 681 2698 lebam
694 2637 944 2719 periculosissimo
959 2644 1101 2718 tempore,

127 2730 217 2792 quum
231 2712 332 2775 Volsca
357 2717 509 2795 AEquique
523 2723 554 2777 et
567 2659 667 2778 gabini
681 2716 757 2778 fone
769 2716 829 2776 uni
843 2737 944 2780 ornnes
960 2720 992 2778 in
1011 2715 1100 2776 armis

127 2798 235 2854 essent
275 2792 335 2852 Sed
349 2814 428 2853 curae
451 2796 506 2854 luit
522 2795 690 2854 consulibus
701 2801 732 2854 et
745 2794 908 2855 senioribus
920 2797 1052 2862 Petram,
1063 2799 1100 2854 ut

125 2869 292 2950 imperium,
313 2891 365 2932 suo
381 2872 548 2943 vehemens,
569 2879 723 2932 mansueto
735 2873 956 2952 permitteretur
970 2871 1097 2953 ingenio.

14 2981 16 2988 ›
126 2947 169 3010 M.
183 2947 334 3009 Valerium
349 2950 525 3010 dictatorem
540 2950 641 3009 Volesi
654 2949 747 3010 filium
764 2955 875 3012 creant
914 2951 1028 3023 Plebes,
1041 2949 1098 3012 etsi

126 3027 267 3087 adversus
281 3047 312 3086 se
326 3033 458 3087 creatum
479 3028 653 3086 dictatorem
667 3027 794 3099 videbat,
807 3033 915 3104 tamen,
927 3051 1016 3112 quum
1031 3049 1096 3112 pro·

125 3106 307 3165 vocationem
323 3105 423 3164 fratris
437 3106 500 3186 lege
511 3105 639 3176 haberet,
652 3105 724 3166 nibil
735 3127 772 3168 ex
786 3107 936 3172 eafamilia
946 3111 1031 3172 triste
1037 3129 1093 3172 nec

126 3183 279 3266 superbum
295 3183 427 3244 timebat.
482 3183 624 3244 Edictum·
638 3185 756 3258 deinde,
770 3185 788 3246 a
801 3186 945 3256 dictatore
966 3189 1095 3273 proposi-

123 3266 195 3330 tum,
208 3261 393 3323 confirmavit
414 3263 535 3334 animos,
556 3264 671 3324 aemilii
686 3264 747 3326 fere
761 3267 891 3340 consulis
904 3271 1003 3332 edicto
1024 3285 1093 3328 con·

123 3340 243 3402 veniens
255 3359 264 3410 ;
284 3341 337 3400 sed
352 3347 383 3401 et
393 3340 501 3404 homini
515 3349 546 3403 et
559 3343 698 3420 potestati
712 3345 819 3406 meinis
832 3349 889 3408 rati
902 3349 993 3419 credi,
1006 3345 1093 3406 omis·

124 3437 155 3478 so
168 3419 328 3480 nodamine
342 3421 460 3480 nomina
483 3421 601 3488 dedere.
640 3423 775 3496 Quantus
795 3440 857 3485 nun
879 3445 947 3486 nam
960 3426 1029 3489 ante
1042 3445 1092 3486 ex·
1178 3463 1179 3470 κ

123 3493 239 3566 arcitus,
252 3497 381 3576 legiones
402 3499 506 3560 decem
520 3501 634 3585 effectae
645 3507 659 3559 ι’
673 3508 767 3562 ternae
783 3443 946 3566 indecdatae
962 3504 1091 3569 consrrli·

123 3571 185 3662 bus,
218 3577 551 3638 uatuordiotutorusus.
590 3579 656 3639 Nec
670 3585 786 3660 poterat
793 3583 857 3659 jam
869 3584 979 3644 bellum
992 3581 1096 3644 diffen-
1177 3645 1178 3648 Ἴ

118 3669 155 3744 ῃ
237 3653 440 3735 qutLatinum
449 3675 552 3740 agrum
563 3657 753 3736 invaserant3
774 3664 904 3726 oratores
914 3661 1087 3724 latinorum
1177 3727 1178 3730 ,
