2372 4118
380 313 385 328 „
465 251 623 326 ,LIBER
642 251 699 316 111.
970 257 972 264 '
1026 253 1082 317 tta

214 390 217 398 Ι
268 375 271 384 .
345 341 507 386 ιψΜῊ-Ιι

103 391 210 494 Cseteri
233 401 289 470 sibi
301 425 336 470 ae
348 407 450 469 liberis
463 409 524 469 auis
537 411 749 472 consulerent.”
786 409 865 472 llaea
886 409 1021 492 lirgiuio
1033 429 1088 473 roe

105 479 247 546 celeranti
261 485 461 550 succlamabat
470 487 638 559 multitudo,
656 496 733 550 “neo
744 489 825 552 illias
834 489 940 564 dolori,
952 511 1008 552 nec
1020 505 1083 551 auae

104 557 240 640 libertati
253 577 285 628 s'e
298 565 479 626 defuturos¹’
519 566 559 625 ut
571 565 697 626 immixti
720 569 814 628 turbae
836 568 962 628 militum
982 568 1086 648 togati,

102 655 200 715 quum
215 643 317 704 eadem
331 644 384 704 illa
395 643 557 724 querendo,
566 644 771 724 docendoque,
785 651 896 726 quanto
908 646 980 715 risa,
992 645 1082 728 qudpr

102 716 220 789 audita,
232 720 399 802 indigniora
421 721 572 802 potuerint
584 719 691 794 rideri,
713 723 799 784 simul
823 722 1002 816 profligatam
1019 723 1083 804 jam

77 846 88 858 ,.
103 811 172 853 rem
186 799 356 859 nuncianda
370 801 473 862 Romae
488 817 574 860 esser
598 799 794 890 insecutique,
806 821 857 880 qur
876 804 1005 882 Appium
1018 819 1085 882 pru·

6 877 8 880 '
102 871 148 950 pe
160 873 376 956 interemptum.
391 878 423 937 in
436 876 571 938 exsilium
591 878 689 937 abisse
713 877 859 954 dicerent,
881 881 1084 959 perpulerunt,
1174 911 1175 914 ¹

103 958 143 1011 ul
157 951 195 1011 ad
209 973 291 1014 arma
312 955 553 1024 conclamaretur,
577 955 897 1036 vellerentquesigna,
909 965 941 1016 et
960 955 1083 1017 Romam

104 1029 377 1164 proficiscerentur.
415 1031 582 1094 Decemviri
594 1033 681 1092 simul
693 1033 747 1102 nis,
759 1052 826 1112 quoe
838 1033 984 1104 videbant,
997 1035 1082 1095 simul

130 1105 166 1176 is,
178 1127 246 1186 quae
261 1116 329 1176 acta
349 1111 450 1172 Romae
474 1109 637 1180 audierant,
661 1113 832 1190 perturbati,
852 1111 927 1171 alius
950 1111 980 1172 in
995 1112 1082 1174 aliam

106 1191 224 1262 partem
239 1195 411 1257 castrorum,
429 1189 467 1248 ad
489 1188 635 1247 sedandos
650 1194 746 1248 mutus
761 1190 947 1270 discurruqtr
967 1187 998 1250 ‘et
1010 1189 1084 1250 leni·

102 1267 156 1322 ter
178 1265 330 1342 agentibus
353 1284 524 1345 responsum
548 1283 606 1324 non
630 1264 781 1338 redditum
802 1267 954 1346 irnperium
968 1267 993 1326 si
1015 1268 1081 1346 quis

6 1409 8 1434 h
104 1337 270 1476 ἕψω),
288 1348 350 1404 “et
363 1343 441 1404 viros
465 1349 497 1404 et
516 1349 652 1433 armatos·
665 1361 698 1402 se
717 1345 816 1478 esaei}
845 1343 1081 1434 respondeantur.

105 1420 726 1577 ,llttllilldl‘duttltltl
739 1428 1081 1573 {ttultdtltlllr

127 1591 164 1633 ue
178 1575 310 1654 tribunos
323 1575 416 1654 piebis
428 1575 638 1645 adhortantes3
658 1575 716 1634 alia
729 1594 785 1634 vox
794 1576 876 1634 nulla
885 1573 1016 1636 violenta
1029 1595 1078 1636 au-

104 1589 171 1740 dita
191 1659 247 1744 est.
285 1653 425 1746 Senatum
440 1655 491 1732 Sp.
510 1653 623 1733 Oppius
636 1652 834 1744 habeibnsslfl
857 1655 955 1732 placet
976 1673 1080 1742 aspere

105 1727 1102 1888 qq‚trqp1pepppocqqssq¹ppppspeppppppopaffl3,Poqqpq¹
1130 1777 1136 1790 “

108 1883 182 1954 eius,
194 1886 245 1966 qui
258 1895 428 1966 quaererent
440 1889 561 1948 senatus
574 1884 679 1954 verbis,
698 1888 806 1966 “cujus
814 1887 900 1966 jussu
919 1891 1017 1946 castra
1050 1907 1079 1948 e·

106 1961 361 2024 semissenti'aut
380 1966 452 2044 quid
475 1966 529 2025 sibi
553 1964 676 2034 vellent,
695 1964 747 2042 qui
769 1963 873 2024 armati
898 1963 1079 2026 Aventinum

106 2039 310 2102 obsedissent?
329 2043 466 2122 belloque
478 2061 582 2104 averso
604 2043 641 2101 ab
654 2037 785 2102 hostibus
797 2041 922 2122 patriam
935 2059 1018 2102 auam
1032 2058 1079 2102 ee·
1106 2031 1115 2050 ⁹
1178 2087 1179 2092 η

104 2114 256 2198 pissenti'⁸
277 2121 347 2194 Non
360 2120 467 2194 defurit,
477 2120 548 2198 quid
562 2119 812 2200 responderetur3
830 2119 942 2189 deerat,
954 2119 1004 2200 qui
1026 2119 1078 2180 da·

107 2201 156 2255 ret
175 2217 355 2274 responsum,
380 2199 538 2260 nullodum
547 2205 629 2258 certo
642 2197 728 2267 duce,
740 2218 796 2258 nec
810 2197 882 2276 satis
892 2197 1080 2257 audientibus

107 2272 134 2332 si
193 2273 364 2337 lieinvmiae
379 2297 411 2338 se
423 2277 526 2338 offerre
538 2275 598 2346 aid
619 2273 707 2334 modb
722 2273 941 2334 imultitudine
962 2275 1081 2338 oonclau

107 2369 156 2410 ma
170 2369 219 2410 um
232 2359 288 2423 est,
307 2362 324 2388 ‘⁶
335 2361 369 2414 ut
383 2355 418 2415 h
433 2355 583 2420 Valerium
597 2360 628 2412 et
640 2351 687 2412 M.
698 2351 854 2412 Horatium
877 2351 915 2412 ad
936 2369 968 2411 se
981 2350 1081 2421 mitte,

104 2434 194 2499 rent3
214 2429 259 2490 his
272 2451 305 2490 se
318 2432 439 2494 daturos
451 2435 650 2513 responsum?

146 2507 200 2566 Ll.
219 2509 357 2575 Dimissis
380 2513 493 2610 legatis,
514 2509 654 2572 admouet
678 2507 788 2568 milites
801 2506 960 2586 Virginios,
978 2506 1032 2566 “in
1043 2524 1081 2568 re

103 2603 163 2648 nan
177 2587 305 2648 maxima
323 2590 423 2668 paullo
435 2589 505 2650 ante
528 2586 709 2666 trepidatum
722 2605 796 2656 esse,
809 2585 878 2665 quia
901 2583 965 2644 sine
979 2585 1080 2670 eapite

104 2663 265 2726 multitudo
277 2667 383 2741 luerit3
405 2683 645 2748 responsumque,
657 2682 825 2743 quanquam
847 2683 905 2723 non
925 2662 1080 2732 inutiliter,

105 2738 227 2802 fortuito
240 2739 337 2803 tamen
352 2745 445 2824 magis
457 2743 713 2822 eonsensuquim
726 2740 872 2802 communi
885 2739 1019 2810 consilio,
1031 2759 1076 2800 ea·

106 2835 150 2877 se.
188 2819 310 2880 Placere
324 2821 427 2880 decem
442 2821 544 2890 creari,
557 2821 608 2897 qui
622 2837 745 2879 summae
760 2819 801 2878 rei
815 2825 990 2896 praeessent,
1002 2817 1082 2876 mili·

108 2895 224 2974 torique
238 2895 344 2958 honore
358 2899 489 2958 tribunos
503 2898 630 2958 militum
644 2896 812 2978 appellari.”
850 2891 947 2968 Quum
961 2894 998 2952 ad
1012 2913 1079 2968 eum

106 2970 205 3052 ipsum
221 2976 344 3053 primum
366 2977 391 3036 is
405 2977 496 3036 honos
517 2975 692 3044 deferretur,
711 2971 915 3032 “Melioribus
929 2971 1002 3034 meis
1015 2989 1079 3034 vea-

107 3051 221 3132 trisque
237 3055 321 3114 rebus
335 3055 513 3124 reservate‚’'
525 3053 632 3130 inquit,
646 3060 663 3086 ‘¹
674 3051 732 3110 ista
744 3049 782 3109 de
794 3068 841 3109 me
850 3047 971 3130 judicia.
1010 3050 1078 3111 Nec

106 3131 178 3192 mini
192 3129 254 3192 iilia
266 3132 362 3192 inulta
374 3131 512 3190 latinorum
524 3131 615 3190 ullum
624 3129 790 3208 jucundum
803 3145 866 3188 esse
879 3127 986 3208 patitur
992 3149 1001 3199 ;
1022 3147 1078 3188 neo

104 3209 137 3270 in
162 3211 331 3290 perturbata
352 3209 499 3288 republica
520 3227 572 3268 eos
591 3207 665 3268 utile
687 3214 734 3268 est
756 3223 884 3284 praeesse
907 3205 997 3276 vobis,
1022 3205 1075 3284 qui

105 3289 230 3367 proximi
246 3287 364 3348 invidiae
379 3290 448 3348 sint.
485 3287 516 3346 Si
530 3284 596 3365 quis
607 3303 677 3345 uaua
690 3283 748 3344 mei
762 3288 818 3353 est,
830 3282 920 3342 nihilo
930 3283 1025 3342 minor
1038 3303 1075 3343 ex

20 3435 23 3438 ,
105 3367 222 3446 priuato
241 3387 276 3427 oa
299 3369 402 3429 ietur.⁷'
444 3367 487 3424 lta
510 3365 614 3424 decern
637 3381 758 3424 numero
779 3361 912 3425 tribunos
934 3360 1079 3422 militares

107 3453 218 3504 creant.
290 3465 364 3524 eque
378 3445 408 3504 in
431 3443 546 3502 Sabinis
570 3440 682 3520 quierit
707 3438 872 3507 exercitum
891 3435 1076 3528 ibitquoque,

77 3556 79 3567 ·
107 3531 226 3583 auctore
254 3524 335 3584 toilio
361 3521 593 3598 Numitorioque,
614 3518 741 3578 secessio
753 3518 789 3576 ab
812 3515 986 3605 decemviris
999 3515 1078 3574 faeta

108 3606 166 3670 est,
183 3617 241 3658 non
256 3602 364 3662 minore
380 3606 459 3658 motu
473 3599 635 3658 animorum
649 3595 739 3656 Sioaii
753 3591 849 3654 caedrs
860 3598 1000 3651 meniana
1012 3607 1078 3648 rev-

105 3682 205 3752 orata,
217 3677 305 3758 quim
319 3699 407 3759 quem
419 3695 496 3743 nora
507 3676 588 3739 larua
598 3673 638 3735 de
649 3673 762 3754 virgine
775 3669 852 3735 oded
864 3668 946 3730 loeoe
957 3667 996 3730 ad
1008 3662 1073 3734 lubi·
