2372 4116
498 201 626 266 ureun
644 199 680 256 r.
712 268 716 276 ,
1022 187 1094 266 erl
1177 153 1178 156 Ὺ

102 365 243 444 filiusque
266 365 329 443 ejus
347 363 380 424 P.
401 361 535 423 Licinius
556 361 690 422 tribuous
713 355 849 428 militum,
869 356 1015 420 consulari
1028 381 1080 442 po·

102 451 214 505 testate
229 463 294 503 cum
308 441 356 513 iis,
371 461 449 521 quos.
459 439 548 520 suprri
562 437 743 516 scripsimus,
756 435 931 502 declaratus.
970 437 1079 500 Titini·

102 542 140 582 us
155 521 363 599 Genuciusque
377 520 486 580 tribuni
499 519 636 586 militum,
657 514 780 594 profecti
793 515 932 574 adversus
947 514 1079 580 Faliscos

103 601 341 680 Capenatesque,
351 599 422 658 dum
431 599 545 658 bellum
555 597 664 673 majore
675 593 773 653 auimo
782 599 897 674 gerunt,
910 592 998 669 quim
1010 617 1079 656 eon.
1177 597 1178 602 ’

103 678 180 748 silio,
197 677 421 770 praecipitauere'
442 677 473 738 iu
494 676 626 736 insidias.
668 671 827 741 Genucius,
846 679 941 760 morte
954 671 1079 736 honesti

101 761 301 820 temeritatem
316 756 411 826 luens,
424 761 492 814 ante
504 753 678 835 sigusinter
692 751 832 829 primores
846 748 965 816 cecidit
1003 753 1081 815 Titi.

102 835 180 904 nius,
194 835 225 894 in
251 835 363 894 editum
385 835 529 893 tumulum
554 853 590 892 ex
613 829 708 890 multa
730 827 926 908 trepidatione
939 827 1079 894 militibus

101 908 250 983 collectis,
269 914 363 975 aciem
386 913 533 980 restituit3
555 929 610 972 uec
635 928 666 968 se
689 912 789 966 tamen
809 925 895 995 oequo
915 905 980 966 loco
1004 908 1081 992 hestp
1177 917 1178 934 ³

102 991 261 1051 commisit
299 990 392 1050 Plusi
414 991 553 1050 nominiae
574 993 647 1066 erat,
669 985 757 1064 quem
780 983 882 1052 cladis,
905 992 1081 1065 accepturnr
1149 1010 1152 1015 ·

104 1088 176 1148 quae
190 1068 324 1150 propbin
346 1011 631 1149 olalemriugentem
651 1065 759 1131 vertit;
779 1067 893 1122 tautum
907 1061 1082 1126 indeterro-

8 1159 10 1174 ’
103 1167 148 1214 rrs
168 1167 228 1207 non
253 1149 356 1208 Romae
376 1147 473 1215 modo,
495 1147 555 1226 quir
569 1141 817 1222 multiplex.farna
830 1149 1013 1220 pervenerat,
1026 1145 1081 1206 sed

103 1225 138 1284 in
160 1225 265 1288 castris
284 1244 401 1306 quoque
415 1225 472 1284 luit
484 1227 522 1287 aul
537 1225 636 1302 Veios.
673 1219 768 1298 AEgrb
789 1217 828 1278 ibi
842 1219 927 1280 miles
947 1227 1081 1284 retentus
1177 1277 1178 1280 ,

106 1303 208 1384 alsuge
231 1312 285 1375 est,
299 1319 389 1384 quum
409 1305 588 1384 pervasisset
601 1305 698 1362 castra
717 1317 824 1366 rumor,
835 1299 959 1365 ducibus
972 1304 1084 1363 exerci-

105 1388 198 1461 tuque
212 1403 300 1454 caeso,
313 1383 464 1445 victorem·
477 1383 659 1460 Capenatem
674 1396 708 1434 ao
730 1375 879 1442 Faliscum
892 1377 1082 1458 Etruriaeque

106 1479 223 1522 ornnem
233 1463 423 1540 juventutem
435 1459 513 1518 haud
522 1456 628 1538 procul
653 1453 723 1514 inrle
746 1453 858 1512 abesse.
898 1451 954 1512 llis
975 1459 1083 1533 tumul.

105 1537 238 1608 tuosiora
249 1537 362 1606 Romae,
371 1539 434 1616 jam
444 1543 545 1598 eastra
558 1536 596 1596 ad
611 1533 700 1626 Vejos
714 1527 885 1620 oppugnari,
891 1531 954 1608 jum
1007 1542 1082 1595 rtem

106 1615 235 1676 hostium
258 1615 381 1678 tendere
403 1615 441 1686 ad
466 1619 568 1678 urbem
589 1629 704 1692 agmine
727 1609 847 1681 infesto,
874 1605 954 1670 ore‘di
975 1621 1083 1684 erant;

107 1713 343 1774 concursumque
356 1695 388 1754 in
409 1715 507 1756 muros
531 1700 588 1767 est,
601 1695 632 1752 et
655 1693 865 1759 matronarum,
885 1705 958 1767 quas
971 1710 1009 1750 ex
1030 1693 1082 1752 do·

8 1815 9 1820 1
106 1791 155 1831 mo
176 1773 346 1834 conciverat
371 1773 506 1852 publicus
535 1791 634 1852 pavor,
666 1768 881 1830 obsecrationes
907 1767 938 1826 in
962 1773 1093 1850 templis⁴

106 1849 218 1922 factre3
238 1852 432 1932 precibusque
452 1853 489 1912 ab
515 1851 580 1911 Diis
601 1847 738 1928 petitum,
761 1851 794 1904 ut
815 1846 938 1906 exitium
952 1849 988 1906 ab
1002 1849 1080 1910 urbis
1170 1897 1174 1901 .

106 1929 197 1996 tectis
221 1930 399 2010 templisque
420 1949 455 1990 ec
478 1925 789 1998 moenibusRomanis
814 1929 957 2014 urocrepl·
979 1927 1082 2006 Vejus·
1177 1963 1178 1966 ¹

106 2027 164 2086 que
183 2027 251 2069 eom
266 2015 434 2070 auerterent
446 2014 598 2079 terrorem,
611 2005 636 2068 ei
654 2022 738 2065 sacra
748 2009 888 2068 renovata
899 2005 964 2074 ute,
978 2003 1003 2065 si
1016 2026 1081 2086 pro·

107 2087 352 2170 curataprodlgia
366 2093 475 2150 essent
543 2095 544 2098 ’
582 2147 583 2150 ,
871 2098 872 2101 ’

147 2164 228 2224 ΧΙΧ.
248 2168 313 2226 lam
327 2166 389 2226 ludi
405 2167 582 2251 Latinosque
608 2167 780 2226 instauratae
791 2169 896 2226 erant:
912 2165 973 2243 jam
988 2185 1025 2225 ex
1037 2166 1084 2226 la··

8 2269 10 2272 ·
108 2259 144 2302 cu
159 2243 274 2305 Albano
287 2263 365 2322 aquo
378 2247 484 2305 emissa
508 2247 539 2304 iu
553 2265 646 2325 agros,
659 2243 807 2324 Vejosque
820 2244 882 2302 feta
895 2245 1080 2322 appetebant.

9 2341 10 2344 ¹
106 2319 210 2398 Igitur,
224 2321 321 2382 fistulis
335 2323 395 2382 dux
408 2323 446 2382 erl
460 2323 606 2382 excidium
620 2323 701 2386 illius
716 2324 794 2382 urbis
808 2323 1020 2401 servandosque
1029 2341 1079 2402 pa·
1177 2349 1178 2384 1

103 2398 184 2469 triae,
207 2387 251 2458 M.
265 2401 370 2462 Furius
386 2401 531 2462 Camillus
545 2401 673 2461 dictator
690 2401 787 2461 dietus
807 2399 978 2480 magistrum
997 2401 1079 2480 equi-

106 2483 169 2541 tum
184 2478 217 2537 P.
230 2478 401 2540 Cornelium
419 2479 588 2561 Scipionem
609 2479 693 2539 dixit.
732 2480 838 2539 Omnia
850 2479 971 2559 repente
985 2488 1081 2540 mula·
1177 2537 1178 2540 ,

105 2561 190 2616 ver-at
203 2556 361 2637 imperator
375 2565 504 2619 motetus
514 2579 527 2628 ;,
543 2559 600 2618 alie
615 2577 692 2637 spem
706 2558 780 2617 alius
791 2557 905 2618 animus
918 2557 1078 2630 homiuum,
1098 2604 1104 2619 .
1177 2555 1178 2564 ’

8 2699 9 2708 ¹
105 2636 222 2696 fortuna
235 2655 350 2728 quoque
365 2625 427 2708 aliti
444 2632 524 2696 urbis
538 2636 641 2696 uideri.
681 2637 958 2716 Omniu'm‘primrim
973 2639 1003 2698 in
1019 2657 1078 2708 eos,
1177 2651 1178 2698 ζ

8 2711 9 2726 ’
108 2713 159 2792 qui
173 2713 191 2770 ὲ
205 2713 286 2778 Veiis
300 2735 329 2775 ur
352 2715 404 2774 illo
416 2734 523 2794 pauore
547 2713 694 2793 fugerant,
715 2733 794 2784 more
815 2716 934 2774 militari
948 2718 1078 2777 animad·
1101 2777 1103 2786 ,
1177 2719 1178 2784 ξ

106 2791 204 2860 vertit,
217 2787 383 2868 elleoltque,
400 2791 542 2870 ue‘lrostis
565 2793 690 2869 maxime
714 2792 863 2851 timendus
879 2793 967 2867 militi
980 2799 1078 2864 esset;
1177 2843 1178 2846 ,

102 2869 223 2936 ‘deinde
235 2869 347 2928 indicto
361 2870 479 2930 delectu
501 2871 532 2930 in
545 2869 624 2930 diem
646 2874 765 2938 certam,
778 2869 841 2948 ipse
854 2869 972 2932 iuterim
986 2871 1077 2951 Vejos

8 2975 10 3008 r
106 2948 146 3008 ad
158 2947 372 3008 confirmandos
396 2949 522 3008 militum
535 2948 648 3009 animos
662 2947 848 3008 intercurrit:
868 2947 938 3008 inde
952 2950 1077 3024 Romam

8 3087 9 3092 ,
79 3059 84 3065 -
106 3025 345 3088 adscribendum
367 3045 474 3090 novum
495 3027 656 3088 exercitum
680 3027 767 3096 redit,
787 3026 870 3086 nullo
890 3021 1076 3090 rletreotinte
1177 3027 1178 3030 ’

8 3095 9 3120 ³
105 3103 249 3165 militiam.
275 3104 457 3185 ‘Peregrina
482 3104 569 3164 etiarn
588 3111 739 3186 juventus,
760 3104 860 3166 Latini
885 3106 1075 3186 Hernicique,
1122 3161 1126 3168 .

106 3201 222 3264 operam
247 3202 328 3244 suam
351 3182 527 3262 pollicentes
543 3184 589 3244 ‘ed
614 3183 645 3244 id
668 3183 786 3256 bellum,
806 3203 937 3244 ueneror
969 3185 1074 3263 quibus
1175 3249 1178 3256 ,

107 3281 193 3340 quum
208 3261 317 3341 gratias
330 3261 360 3320 in
374 3263 478 3322 senatu
497 3261 604 3342 egisset
625 3261 761 3336 dictator,
773 3264 844 3324 satis
863 3265 927 3342 jam
940 3264 1073 3338 omnibus

107 3338 186 3399 adid
205 3339 314 3400 bellum
327 3342 447 3430 paratis,
471 3340 555 3399 ludos
575 3361 695 3420 magnos
709 3361 745 3402 ex
759 3341 1012 3402 senatusconsulto
1026 3363 1074 3404 vo-

58 3450 61 3458 *
107 3416 151 3476 vit
162 3416 244 3488 Veiis
258 3423 352 3499 captus
366 3439 398 3481 se
411 3419 575 3490 facturum}
595 3423 748 3497 aedemque
767 3419 1010 3479 lllatutae'matris
1029 3441 1092 3481 re-x

108 3485 215 3558 lectaui
226 3495 440 3569 dedicaturum,
451 3567 454 3571 ·
456 3501 518 3578 jam
542 3500 611 3557 autb
624 3499 660 3558 nb
678 3517 745 3576 rege
767 3499 829 3556 Ser.
842 3498 1073 3558 Tulliodedica·

107 3577 176 3633 tam.
217 3571 368 3635 Profectus
390 3597 457 3638 cum
471 3576 600 3636 exercitu
615 3577 650 3634 ab
663 3577 732 3634 urbe
747 3596 797 3636 ers
819 3576 963 3636 notatione
982 3576 1072 3636 hornia
1177 3595 1178 3626 ;

107 3669 174 3714 nour
189 3649 306 3730 majore,
318 3655 407 3734 quern
421 3676 481 3738 spe,
499 3655 530 3716 in
543 3675 612 3736 agro
626 3653 751 3735 primum
770 3597 924 3734 llipesiuo
938 3653 1071 3728 curule*
