2372 4116
341 97 362 130 ι
377 105 381 112 .

21 139 22 142 ¹
86 157 148 216 258
482 151 522 214 T.
543 152 658 216 RVH.
683 165 685 170 “

87 307 152 370 utta
166 307 266 370 eaedes
282 308 473 386 pugnantium
488 287 552 370 ma'
578 311 689 390 'Terga
706 327 786 371 caesa
799 314 914 372 suomet
928 309 1064 390 ipsorum

64 422 71 450 r
90 387 252 450 certamine
264 385 292 444 in
305 386 389 444 turba
402 385 627 470 impedientium
640 387 746 467 sugam.
797 388 888 448 Circa
901 387 995 468 ripam
1005 389 1060 446 Tr·

88 464 249 546 berie‚quri
270 461 361 522 armis
384 465 507 544 abjectis
530 473 624 527 toturn
648 466 799 528 sinistrum
820 486 912 526 cornu
936 463 1064 546 defugit,

90 563 203 624 magra
215 545 329 620 strages
348 539 427 602 facta
440 549 505 604 est:
539 545 714 622 multosque,
734 544 884 624 imperitos
906 542 999 618 nandi
1012 549 1067 602 aut

88 619 245 692 invalidos,
255 638 358 700 graves
379 619 478 682 loricis
499 623 623 704 aliisque
643 621 817 702 tegminibus
830 623 951 682 hausere
965 621 1066 701 gurgi-

86 707 152 774 tes5
172 696 301 758 maxime
319 703 420 760 tamen
439 719 508 790 pars
529 701 683 764 incolumis
704 702 794 781 Vejos
813 699 957 780 perfugit3
977 699 1061 759 unde
1162 741 1165 766 2

86 775 252 838 non-modo
263 776 471 857 praesidiiqure
494 799 570 850 uam,
581 779 633 840 sed
645 779 817 840 nenuneius
830 777 948 857 quidem
961 775 1071 846 eladis,
1116 779 1121 788 '

89 856 217 919 Romam
230 861 278 916 est
289 855 405 916 missus.
455 859 483 916 Α
515 858 620 919 dextro
637 877 739 930 cornu,
757 855 836 936 quod
858 855 990 936 proculi
1010 853 1065 914 flu·

91 933 173 995 mine
187 933 323 1026 etmagis
336 935 502 996 submonte
521 941 653 1008 steterat,
676 937 799 996 Romam
820 953 922 995 omnes
943 931 1072 1014 petiere,
1164 957 1165 980 r

93 1017 135 1084 et,
147 1031 185 1072 ne
199 1012 307 1072 clausis
319 1011 439 1091 quidem
452 1015 545 1095 portis
558 1015 646 1085 urbm,
655 1013 687 1076 in
696 1031 794 1074 arcem
805 1013 1008 1093 confugerunt.

134 1091 274 1158 XXXIX.
297 1091 400 1151 Gallos
413 1112 529 1170 quoque
550 1094 632 1152 velut
653 1093 881 1172 obstupefactos„
894 1089 1070 1150 miraculum
1164 1145 1165 1170 p

94 1168 228 1230 vietoriae
250 1175 310 1228 tam
331 1170 494 1246 repentinae
516 1171 632 1239 tenuit3
662 1177 694 1243 et
707 1170 761 1248 ipsi
777 1189 883 1248 pavore
905 1168 996 1228 defixi
1030 1166 1075 1226 ri·

93 1247 177 1308 mum
185 1249 341 1314 steterunt,
350 1246 434 1307 vetut
442 1247 544 1326 ignari,
555 1247 623 1322 quid
638 1245 811 1315 eccidisset3
822 1246 931 1306 deinde
942 1189 1073 1316 insiriias

94 1323 189 1386 vereri
199 1344 209 1395 3
221 1322 370 1402 postremo
380 1344 524 1385 caesorum
533 1323 741 1406 spotiaiegere‚
751 1337 1065 1402 armorumquecumu-

90 1404 148 1473 los,
159 1406 195 1462 ut
206 1421 273 1462 mos
282 1401 326 1461 eis
337 1407 391 1472 est,
402 1423 599 1466 coacervare«—
623 1395 703 1460 Tum
716 1401 1008 1480 ‹iemnm,postquam
1021 1397 1070 1460 ni-

92 1480 275 1560 unusquam
295 1479 405 1542 hostile
427 1483 611 1554 cernebatur,
631 1479 709 1540 viam
722 1479 856 1560 ingressi,
873 1478 951 1538 baud
974 1476 1074 1556 multo

93 1565 165 1620 ante
188 1558 259 1619 solis
283 1578 419 1639 oceasum
440 1560 479 1618 ad
501 1560 603 1619 urbem
629 1559 753 1618 Romam
790 1557 984 1638 perveniunt3
1018 1555 1067 1616 ubi

91 1656 186 1718 quum
200 1636 354 1727 praegressi
369 1637 493 1716 equites,
507 1655 565 1697 non
578 1642 677 1716 portas
693 1636 888 1728 strumense
905 1635 1069 1727 stationem
1082 1690 1084 1694 .

93 1735 154 1854 tu
189 1715 1074 1877 &subtimitate{imitatuturum
1164 1857 1165 1868 Ν

93 1872 120 1932 ti
133 1878 167 1932 et
176 1871 286 1951 ignotae
301 1871 390 1932 situm
404 1873 492 1942 urbis,
509 1871 591 1932 inter·
601 1872 724 1938 Romam
737 1878 826 1951 atque
841 1871 987 1932 Anienem
1001 1889 1070 1930 con-

94 1949 211 2022 sedere,
231 1949 464 2030 exploratoribus
478 1949 575 2010 missis
593 1950 673 2010 circa
685 1953 796 2010 moenia
816 1949 948 2028 aliusque
962 1955 1074 2028 portas,
1164 1981 1165 1986 1

94 2047 234 2106 queenam
246 2027 377 2089 hostibus
391 2029 422 2088 in
436 2027 554 2108 perdita
567 2047 598 2086 re
620 2029 746 2088 consilia
766 2035 875 2089 essent⁴
924 2025 1072 2098 Romani,
1164 2039 1165 2042 ’

96 2125 187 2185 quum
211 2125 278 2184 pars
300 2107 394 2186 major
407 2126 444 2167 ex
464 2106 528 2166 orie
542 2105 631 2182 Vejos
652 2110 790 2185 petisset,
807 2125 894 2166 nemo
915 2106 1072 2186 superesse

95 2203 272 2262 quemquam
301 2191 411 2265 praeter
437 2202 499 2254 eoa,
519 2183 571 2263 qui
596 2183 720 2244 Romam
757 2183 938 2270 refugerant,
970 2183 1074 2244 erede-

95 2269 155 2336 ret,
173 2261 348 2344 ¹complorati
366 2261 600 2343 omuespariter
612 2260 672 2322 vivi
686 2265 863 2354 mortuique,
874 2270 965 2323 totam
979 2261 1070 2344 prope

97 2343 200 2402 urbem
213 2339 352 2402 lamentis
371 2341 579 2422 impleverunt.
630 2339 765 2400 Privatos
777 2341 885 2420 demde
896 2341 999 2410 ,tuctus
1011 2347 1072 2402 stu·

96 2417 209 2499 pesecit
229 2419 361 2500 publicus
381 2439 483 2500 pavor,
502 2423 657 2554 postquam
669 2415 768 2481 hostes
781 2419 885 2480 adesse
898 2419 1071 2480 nunciatum

96 2503 144 2558 est
154 2518 162 2566 ;
174 2515 242 2556 mox
251 2497 552 2574 ululatuscantusque
586 2496 708 2564 issemus,
721 2497 892 2576 vagantibus
905 2495 985 2556 eirea
998 2517 1073 2558 moe·

95 2575 146 2636 nie
159 2574 306 2652 turmatim
320 2573 637 2641 barbarissudiebaut·
683 2574 778 2632 Omne
790 2573 860 2647 inde
874 2578 991 2650 tempus
1006 2591 1070 2635 sus·

94 2664 202 2734 pensos
216 2650 258 2710 ita
270 2649 367 2710 tenuit
379 2647 491 2710 animos
504 2667 598 2728 usque
608 2647 646 2706 ad
660 2647 756 2710 lucem
770 2649 903 2718 aiteram,
913 2655 949 2710 ut
961 2650 1070 2714 identi-

89 2730 164 2792 -dem
173 2729 236 2808 jam
247 2727 281 2792 in
291 2729 392 2788 urbem
412 2725 530 2788 tuturus
549 2725 700 2786 videretur
712 2726 840 2807 impetus
852 2727 948 2807 primo
961 2729 1071 2792 adven·
1164 2751 1165 2754 ¹

87 2817 140 2884 tu,
153 2828 212 2888 quo
224 2812 411 2870 accesserant
423 2805 468 2866 vad
485 2807 586 2868 urbem
595 2825 605 2876 ;
624 2823 776 2865 mansuros
797 2804 877 2866 enim
897 2805 935 2866 ad
958 2807 1069 2878 Alliam

94 2887 199 2956 fuisse,
211 2885 267 2946 nisi
280 2885 335 2946 hoc
359 2883 473 2946 consilii
496 2883 582 2946 foret.
603 2917 619 2928 ‚.
632 2881 755 2944 Deinde
773 2885 826 2944 sub
847 2885 983 2946 oceasum
998 2888 1070 2949 solis

97 2966 167 3048 quia
179 2964 256 3024 haud
271 2963 396 3024 multum
409 2961 468 3024 diei
483 2966 643 3044 supererat,
659 2967 729 3022 aute
742 2963 863 3024 noctem
871 2963 929 3024 'rati
943 2984 975 3024 se
988 2965 1068 3026 inra-

97 3062 203 3114 suros;
223 3047 286 3102 tum
300 3043 332 3102 in
345 3047 463 3102 noctem
477 3043 600 3114 dilatum
614 3039 768 3101 consilium
781 3061 855 3110 esse.
867 3062 927 3122 quo
939 3043 1006 3120 plus
1020 3064 1069 3124 pa·
1111 3061 1116 3065 “

96 3122 175 3184 voris
188 3119 341 3182 inferrent
387 3119 540 3182 Postremi>
553 3121 604 3180 lux
624 3119 863 3199 appropinquans
884 3120 1068 3182 exanimare:

96 3199 254 3279 fimorique
268 3203 409 3278 perpetuo
427 3198 523 3277 ipsam
537 3198 644 3258 malum
658 3198 813 3259 continens
826 3197 893 3268 fuit,
908 3218 998 3278 quum
1011 3199 1068 3279 sig-

95 3299 137 3342 na
147 3277 255 3340 infesta
275 3275 366 3358 portis
380 3281 451 3334 sunt
463 3275 554 3334 illata.
593 3275 791 3353 Nequaquam
808 3280 908 3336 tamen
920 3281 957 3338 ei
970 3283 1072 3348 noete

96 3374 195 3434 neque
208 3352 375 3434 insequenti
388 3351 437 3412 die
451 3351 555 3412 similis
563 3351 617 3422 illi,
630 3371 699 3432 quae
713 3354 750 3415 ad
766 3353 877 3414 Alliam
890 3354 1067 3433 tam-pavide

92 3433 219 3513 fugerat,
248 3433 352 3492 civitas
375 3428 441 3490 fuit.
487 3429 567 3490 Nam
593 3451 696 3510 quum.
715 3431 834 3493 defendi
858 3432 959 3492 urbem
972 3452 1069 3512 posse,

93 3516 156 3572 tam
169 3513 260 3589 parva
275 3507 382 3590 retiati
392 3527 490 3579 manu,
501 3528 568 3590 spes
581 3509 664 3581 nulla
675 3515 763 3581 esset.
782 3508 989 3588 placuit,'eum¹
1000 3529 1067 3572 con·

87 3588 206 3674 iugibus
219 3603 254 3672 ae
267 3585 563 3683 tiberisjurentutem
575 3586 736 3682 militarem
748 3589 1065 3678 senatusquerobqria
