2372 4116
515 167 723 260 perenne.
1051 181 1109 238 aas

94 332 96 336 ’
130 339 220 394 umen
239 329 295 410 rati
306 331 455 412 adjuvere,
467 335 608 410 utonem
621 329 748 410 primum
765 329 796 390 in
812 336 920 392 terram
936 331 1049 416 egressi
1062 350 1109 392 oc·

131 419 322 490 supereraut,
337 411 431 470 locum
446 407 616 488 patentibus
627 408 719 476 silvis,
729 415 963 472 communirent:
985 411 1042 492 ipsi
1056 431 1109 491 per

129 489 281 548 Taurinos
300 487 393 548 saltus
417 507 453 546 ue
472 487 566 548 invius
581 488 953 566 Alpestranscenderunt:
974 489 1109 568 fusisque

129 567 199 628 acie
213 567 320 626 Tuscis
338 508 414 625 boui
430 567 532 647 procul
546 565 653 624 Ticino
666 564 796 634 flumine,
806 586 905 644 quum,
918 569 949 626 in
962 585 1021 648 quo
1041 587 1111 626 con·

130 645 284 718 sederant,
296 665 397 724 agrum
413 645 576 704 Insubrium
590 644 732 723 appellari
753 645 916 715 audissent,
936 646 1109 724 cognomine

131 723 304 786 Insubribus
317 740 392 802 pago
411 723 597 782 lidduorum:
618 722 668 795 ibi,
681 741 768 782 omen
789 729 948 802 sequentes
961 722 1111 800 lonicor-

129 801 237 862 elidere
248 801 366 858 urbem:
388 799 590 860 Mediolanum
605 800 802 881 appellarunt.
817 796 864 860 tl·
914 818 924 852 t
944 823 970 848 ιι
1015 795 1052 848 fr'«
1077 814 1093 844 ‹³
1124 821 1127 828 ·

174 877 298 938 XXXV.
333 878 401 936 Alia
427 877 551 940 subinde
577 891 681 938 merrus
709 879 958 952 Cenomanorum,
981 877 1110 940 Elitoris

130 956 212 1017 duce
226 955 349 1035 vestigia
364 956 491 1034 priorum
505 963 615 1032 secuta,
626 957 729 1017 eodem
743 957 832 1029 saltu,
845 955 961 1017 favente
975 957 1112 1018 Belloro-

133 1054 178 1105 so,
191 1053 281 1112 quum
295 1033 528 1094 transcendisset
549 1035 652 1112 Alpes
666 1035 713 1094 ubi
732 1054 811 1094 nunc
830 1035 932 1094 Brixia
945 1053 979 1096 ac
994 1035 1112 1094 Verona

132 1114 222 1172 urbes
239 1117 316 1179 sunt,
327 1109 422 1186 (locos
443 1117 562 1172 tenuere
582 1111 681 1188 Libui)
704 1113 882 1184 considunt;
902 1120 970 1194 post
982 1111 1034 1172 bos
1049 1113 1113 1172 Sal·

132 1186 217 1260 luvii,
258 1208 327 1268 rope
345 1189 500 1268 antiquam
523 1197 642 1270 gentem
665 1193 771 1251 Laeros
794 1192 932 1272 Ligures,
947 1191 1112 1254 insolentes

130 1269 213 1330 eirca
226 1210 364 1327 'licinum
379 1287 505 1328 amnem.
554 1268 667 1330 Penino
691 1270 800 1330 deinde
814 1270 880 1329 Boii
902 1269 1111 1350 Lingonesque

130 1346 319 1426 transgressi,
331 1365 422 1422 quum
431 1349 493 1424 jam
508 1345 586 1404 inter
600 1347 712 1404 Pedum
726 1353 818 1426 atque
833 1349 927 1426 Alpes
937 1347 1036 1406 omnia
1048 1355 1113 1418 tene

130 1432 262 1492 erentur,
288 1423 371 1482 Pado
387 1424 506 1490 ,ratibus
526 1425 661 1501 trajecto,
683 1440 741 1481 non
769 1426 912 1483 Etruscos
933 1424 1034 1494 modo,
1058 1425 1111 1484 sed

130 1503 223 1564 etiam
236 1478 454 1578 Umbros,*agro
467 1499 602 1580 pellunt,⁸
631 1500 712 1580 intra
726 1500 915 1581 Apenninum
929 1506 1030 1562 tamen
1046 1521 1110 1562 sese

132 1585 265 1640 tenuere.
304 1576 383 1636 Tum
397 1581 538 1647 Senones,
551 1577 732 1656 recentjsimi
746 1579 936 1670 advenarum,
949 1579 985 1640 ab
997 1579 1110 1640 Utente

130 1654 251 1719 flumine
265 1674 358 1734 usque
372 1653 410 1714 ad
421 1653 521 1714 AEsim
540 1653 884 1734 lineslrabuewtleuc
901 1662 1021 1738 gentem
1041 1656 1113 1718 Clu·

130 1735 219 1807 sium,
232 1733 415 1812 Romamque
427 1731 507 1802 inde,
519 1733 635 1794 venisse
646 1735 811 1826 comperiu;
835 1735 862 1795 id
877 1755 981 1816 parum
995 1742 1110 1796 certum

129 1820 187 1884 est,
198 1813 343 1886 solamne,
356 1830 396 1872 an
410 1812 447 1870 ab
459 1812 593 1872 omnibus
608 1811 693 1873 ‘Cisal
699 1833 840 1895 pinorum·
854 1813 1006 1874 Gallorum
1022 1833 1112 1904 popu·

131 1891 170 1952 lis
184 1891 323 1972 adiutam.
351 1889 489 1960 .C'lusini,
504 1895 584 1950 novo
593 1891 671 1950 bello
685 1893 829 1962 exterriti,
842 1891 1111 1972 quum‘multrtudi·

132 1989 211 2040 nem,
223 1988 313 2050 quum
327 1967 435 2028 formas
454 1969 604 2048 bominum
622 1967 789 2032 invisitatas
804 1978 961 2031 cernerent
973 1978 1005 2030 et
1017 1986 1109 2050 genus

130 2067 287 2117 armorum,
300 2047 505 2127 audirentque,
518 2067 599 2128 saepe
614 2047 651 2107 ab
664 2047 710 2119 iis,
723 2048 766 2109 cis
783 2047 894 2110 Padum
908 2049 1057 2128 ultraque,
1070 2049 1111 2109 le-

152 2127 233 2188 'ones
247 2127 438 2186 Etruscorum
451 2124 543 2198 fusas,
553 2145 721 2219 quanquam
733 2127 1035 2189 adversnsitomenos
1048 2127 1114 2188 nul·

144 2222 194 2262 um
207 2203 251 2264 eis
266 2205 317 2283 jus
339 2203 490 2264 societatis
510 2204 689 2266 amicitiaeve
710 2211 775 2266 erat
793 2205 852 2264 nisi
873 2205 953 2284 quod
968 2205 1124 2266 Ve'entes

132 2281 373 2360 consanguineos
389 2279 532 2342 adversus
544 2281 685 2362 populum
703 2282 868 2344 Muranum
890 2303 949 2358 non
963 2229 1114 2345 delbndis·

49 2416 53 2428 ,
129 2366 207 2430 sent,
220 2360 332 2439 legatos
348 2359 480 2428 ltomam,
491 2360 542 2438 qui
556 2360 696 2422 auxilium
706 2361 743 2418 ab
756 2369 861 2421 senatu
871 2368 1017 2440 peterent,
1028 2361 1114 2422 mise·

133 2459 175 2498 re.
215 2438 260 2497 De
268 2437 382 2512 ,auxilio
393 2435 464 2496 nibil
480 2439 689 2518 impetratum
709 2435 796 2519 legati
811 2445 875 2501 tres
889 2436 933 2498 M.
947 2439 1028 2500 Fabii
1044 2444 1116 2500 Am·

129 2512 209 2578 busti
222 2514 276 2575 lilii
291 2516 384 2587 missi,
400 2514 451 2594 qui
466 2520 587 2578 senatds
601 2516 761 2597 populique
775 2517 903 2578 Romani
918 2519 1037 2578 omnine
1048 2537 1117 2602 age·

131 2600 199 2658 rent
213 2613 279 2656 cum
297 2591 402 2663 Gallis,
415 2613 453 2654 ne
476 2596 612 2676 equibus
635 2595 746 2656 nullam
762 2595 899 2675 injuriam
917 2595 1114 2678 accepissent,
1175 2596 1178 2605 ⁴

132 2672 228 2735 socios
262 2673 342 2750 epuli
354 2673 482 2734 Romani
492 2681 582 2753 atque
593 2673 705 2734 amicos
717 2682 932 2754 oppugnarent.
971 2675 1114 2735 Romanis

132 2769 182 2812 eos
195 2691 273 2812 bellb
286 2768 414 2839 quoque,
427 2747 453 2807 si
466 2771 514 2809 res
528 2756 626 2828 cogat,
639 2752 767 2810 tuendos
781 2771 863 2820 esse;
884 2752 937 2811 sed
952 2754 1058 2812 molius
1072 2753 1116 2812 vi·

131 2845 207 2899 sum,
231 2825 339 2888 bellum
352 2845 450 2906 ipsum
474 2827 614 2898 amoveri,
632 2828 657 2888 si
679 2838 801 2928 possen
828 2843 860 2888 et
873 2829 990 2902 Gallos,
1007 2849 1116 2892 norum

91 2941 93 2946 ·
131 2913 258 2988 gentem,
293 2925 345 2966 ece
380 2905 864 2986 otidseognosci,qusmarmis.4

171 2987 257 3046 XXX
287 2985 311 3044 l.
331 2926 417 3043 ullus
432 2985 550 3076 legatio,
563 2985 592 3044 ni
614 2985 795 3064 praeferoces
815 2985 938 3066 legatos,
958 2986 1114 3068 Gallisque

132 3064 224 3144 magis
237 3063 328 3142 quim
350 3063 491 3123 &manis
505 3063 626 3133 similes,
638 3062 787 3126 habuisset
796 3083 805 3134 ;
826 3065 940 3144 quibus,
957 3073 1114 3146 postquam

133 3142 270 3206 mundata
283 3139 442 3202 ediderunt
452 3139 482 3202 iu
498 3139 624 3201 coneilio
638 3141 803 3212 Gallorum,
815 3141 904 3204 detur
915 3163 1087 3224 responsum
1100 3161 1108 3200 r

133 3228 151 3261 ‘⁶
163 3221 201 3282 st
209 3219 234 3280 si
241 3239 348 3280 novum
360 3239 467 3280 nomen
479 3219 601 3280 audiant
616 3220 823 3290 Romanorum,
833 3228 933 3284 tamen
943 3219 1064 3284 credere
1073 3221 1115 3280 vi·
1177 3257 1178 3264 κ

133 3313 178 3360 rus
192 3298 282 3358 fortes
297 3317 373 3368 esse,
383 3317 507 3376 quorum
520 3297 661 3358 auxilium
676 3298 838 3360 soterinis
852 3300 883 3360 in
897 3319 929 3361 re
943 3308 988 3364 tre
1011 3299 1060 3361 ida
1073 3299 1113 3360 sit

132 3377 337 3453 imploratum
367 3383 406 3446 et,
419 3375 558 3455 quoniam
571 3376 719 3456 legatione
732 3377 876 3438 adversus
894 3389 926 3438 s'e
945 3319 1113 3448 maluerint,
1177 3447 1178 3458 χ

154 3453 222 3514 uim
236 3454 335 3524 armis,
347 3454 425 3515 tueri
447 3454 551 3524 socios,
564 3474 601 3514 ne
612 3455 773 3534 sequidem
785 3453 899 3534 pacem,
912 3477 1000 3536 quam
1017 3459 1061 3517 illi
1073 3455 1116 3516 al·
1177 3489 1178 3514 1

56 3539 59 3544 “
88 3555 92 3566 ·
133 3474 245 3602 lerant,
259 3532 421 3610 aspernari,
435 3532 460 3593 si
474 3531 580 3600 Gallis,
594 3535 747 3612 egentibus
757 3551 838 3614 egro,
848 3553 936 3611 quem
950 3535 1041 3595 latius
1053 3553 1118 3614 pos·
1145 3575 1149 3580 -
1177 3533 1178 3572 l

132 3609 355 3692 uideantquim
369 3613 480 3687 colant,
491 3609 618 3744 Cldpiui,
629 3617 743 3694 purtem
756 3611 861 3674 linium
873 3613 1058 3679 concedant:
1071 3611 1113 3671 al·

464 3731 508 3765 rs·
611 3728 615 3745 ¹

654 3864 660 3897 l
