2388 4120
812 277 847 320 ἢ
867 211 1055 322 umbem)

52 305 55 312 ’
543 255 841 372 j'pj,t·r('‚.lt1'‚¹lftst
922 319 933 343 ι
1000 323 1002 326 ·
1188 329 1189 340 i

129 361 214 424 XXl.
233 361 359 422 Senam
372 359 403 422 iu
424 357 572 442 Capitolio
591 361 670 421 erata
688 357 725 421 eb
747 357 857 420 tribuni
870 375 938 422 cum
951 361 1070 450 l‘ssliffl:

89 441 158 502 bata
170 441 253 522 plebe
273 440 413 511 veniunt3
433 437 593 500 multitudo
609 437 736 500 clamore
760 437 883 520 ingenti,
903 457 982 499 nunc
995 457 1069 498 cou-

91 519 196 591 sulum,
210 534 289 578 nunc
309 519 440 588 Petrum,
453 517 542 580 fidem
556 515 808 596 imploranttuec
827 520 897 586 aute
910 521 1068 581 moverunt

81 599 130 657 ‚de
143 597 291 656 sententia
304 595 468 667 consulem,
484 593 574 688 quam
595 594 717 666 tribuni,
733 615 765 656 se
777 595 808 656 iu
822 595 997 659 auctoritate
1010 594 1068 654 Pa·

90 680 166 736 trum
181 673 296 736 futuros
316 695 392 748 csse,
405 673 531 757 polliciti
551 679 630 733 suut.
670 673 768 746 Tunc,
780 673 926 737 referente
943 673 1067 734 consule

89 753 128 813 de
141 753 324 814 tribunorum
345 760 377 814 et
396 753 488 836 plebis
511 751 681 834 postulatis,
704 751 958 814 senatusconsulta
980 750 1069 820 liunt,
1189 809 1190 820 ,

88 831 222 910 “Neque
236 831 345 892 tribuni
370 833 463 914 legem
478 851 514 892 eo
527 849 605 890 anuo
628 829 749 902 ferrent,
762 850 858 910 neque
879 830 1016 891 consules
1029 829 1068 888 ab
1189 825 1190 846 ³

42 953 48 974 .
90 913 163 972 urbe
176 911 340 972 exercitum
358 911 528 974 educerent.
568 909 604 968 ln
628 909 776 989 relirpuurp
797 908 984 990 magistratus
997 927 1069 968 cou-

90 988 211 1062 tiamsi,
223 993 255 1049 et
267 989 388 1050 eosdem
407 989 540 1050 tribunos
560 973 799 1068 re‘ffc'i,judicare
817 993 952 1048 senatum
965 991 1070 1047 contra

51 1120 55 1124 .
90 1068 301 1148 rempublicam
324 1075 415 1128 esse.”
453 1067 600 1128 Consules
619 1066 701 1128 suere
716 1068 747 1126 in
769 1067 888 1128 Petrum
904 1070 1068 1146 potestate:

90 1146 209 1215 tribuni,
222 1146 449 1205 reclamantibus
471 1143 658 1212 consulibus,
672 1144 785 1204 relecti.
824 1144 928 1204 Patres
942 1161 1071 1222 quoque,

91 1241 128 1284 ne
143 1222 211 1304 quid
228 1221 369 1282 cederent
381 1223 468 1304 plebi,
488 1227 520 1281 et
531 1215 588 1304 ipsi
603 1221 638 1280 L.
650 1221 822 1296 Quinctium
833 1221 989 1282 consulem
1002 1217 1071 1280 refi-

90 1302 215 1362 ciebant
254 1300 348 1360 Nulla
358 1307 421 1360 toto
441 1316 519 1360 anuo
539 1297 741 1362 vehementior
765 1299 844 1359 actio
857 1299 989 1360 consulis
1002 1296 1072 1358 suit.

88 1379 239 1448 “Mitem”
251 1379 359 1458 inquit,
380 1387 398 1415 “
408 1379 435 1441 si
448 1396 524 1438 vana
536 1383 646 1451 vestro,
666 1377 770 1436 Patres
784 1377 954 1458 conscripti,
968 1383 1071 1438 aucto·

89 1457 162 1518 ritus
175 1455 211 1518 ad
228 1458 342 1540 plebem
363 1457 432 1518 esti
450 1455 515 1518 Vos
528 1454 653 1517 elevetis
666 1473 749 1525 eam3
769 1453 888 1546 quippe,
901 1455 971 1538 quia
984 1453 1069 1536 plebs

88 1535 377 1598 senatusconsultum
390 1535 422 1598 iu
443 1528 650 1596 continuandis
664 1534 882 1614 inagistratrbus
898 1532 998 1614 solui-t,
1011 1531 1070 1623 ipsi

84 1633 206 1696 *quoque
220 1616 348 1676 solutum
370 1614 469 1684 vultis,
489 1633 528 1674 ne
549 1613 709 1691 temeritati
724 1609 923 1686 multitudinis
937 1611 1070 1684 cedatrst

87 1699 142 1756 tan
164 1713 229 1754 uam
243 1693 274 1754 id
288 1696 328 1756 sit
340 1689 408 1786 plus
418 1711 505 1774 posse
519 1691 551 1752 in
565 1691 696 1764 srvitute,
709 1692 777 1772 plus
791 1689 921 1751 levitatis
931 1710 966 1750 ac
977 1689 1071 1752 licen·

88 1715 278 1848 tiaeirmerec
300 1775 394 1834 levius
405 1772 485 1833 euim
499 1770 661 1850 vaniusque
676 1769 810 1843 profecto
823 1775 878 1838 est,
899 1789 952 1830 sua
965 1769 1069 1830 decre·

88 1855 165 1912 laet
187 1853 324 1912 consulta
344 1850 460 1921 tollere,
483 1847 573 1932 quim
597 1849 732 1909 aliorum.
770 1847 942 1918 Imitamini,
964 1847 1073 1911 Patres

88 1929 259 2010 conscripti,
273 1932 388 1990 turbam
401 1917 618 1990 iucdusultarn:
639 1935 679 1998 et,
699 1927 750 2008 qui
772 1927 908 2006 exemplo
921 1918 988 1986 aliis
1001 1945 1069 1986 esse

87 2008 348 2076 debellandorum
370 2005 504 2086 exemplo
525 2005 656 2086 peccetis
677 2004 787 2084 potids,
800 2003 890 2084 qudm
904 2003 954 2069 alii
969 2011 1068 2066 vestro

86 2086 169 2146 recte
181 2085 314 2147 iaciente
334 2085 406 2144 dum
433 2101 539 2164 egone
553 2083 660 2142 imiter
671 2083 814 2158 tribunus,
833 2101 889 2145 nec
903 2101 951 2142 me
966 2089 1071 2145 contra
1192 2103 1193 2124 ¹

90 2163 381 2225 senatusconsultum
395 2161 727 2240 consulemreuunciari
778 2163 842 2222 tiar.
881 2161 1019 2232 Teverb,
1034 2159 1071 2222 C.
1192 2181 1193 2222 1

87 2241 204 2312 Claudi,
225 2241 372 2312 adhortor,
384 2247 419 2301 ut
431 2246 463 2304 ct
475 2240 539 2321 ipsc
562 2241 703 2321 populum
775 2261 892 2301 manum
905 2241 963 2302 haic
976 2240 1069 2302 liceu-
1192 2307 1193 2312 1

85 2319 131 2380 uis
144 2339 260 2382 arceas:
281 2327 316 2382 et
325 2320 425 2382 de'me
438 2320 494 2380 lroc
507 2319 562 2380 tibi
573 2319 743 2400 persuades,
756 2319 854 2380 melta
865 2325 1069 2400 accepturum,
1117 2393 1120 2398 ι
1192 2373 1193 2376 ,

86 2404 191 2462 utnon
211 2401 351 2460 honorem
373 2417 471 2458 meum
486 2397 503 2456 si
516 2404 547 2460 te
560 2398 746 2477 impeditum,
759 2397 813 2458 sed
836 2397 959 2476 gloriam
974 2397 1069 2480 spgeti

85 2477 204 2538 honoris
217 2483 345 2550 auctam,
365 2475 507 2536 invidiam
531 2495 576 2544 ue,
589 2493 657 2552 ques
670 2495 705 2534 ex
720 2473 891 2534 continuato
905 2493 940 2534 eo
953 2475 1068 2553 impen-

85 2555 181 2626 deret,
202 2555 328 2613 levatam
350 2558 476 2632 putem.”
543 2549 803 2626 ommuuiterinde
825 2551 956 2620 edicunt,
986 2551 1072 2612 “Ne·

83 2633 152 2712 qrds
166 2634 203 2690 h.
215 2629 387 2704 Quinctium
401 2629 553 2688 consulem
567 2628 679 2688 laceret
688 2627 743 2700 ;,si
756 2627 823 2706 quis
836 2627 970 2702 fecisset,
986 2648 1018 2690 se
1032 2627 1065 2692 id

83 2711 147 2771 suff
194 2708 255 2769 ‘um
268 2709 571 2768 nonobscrvaturos.”
634 2731 652 2761 .’

122 2789 152 2849 X
200 2787 222 2848 Ι.
243 2787 390 2848 Consules
412 2786 504 2847 creati
526 2785 560 2860 Q.
574 2784 682 2846 Fabius
705 2784 872 2846 Vibulanus
896 2787 1022 2848 tertium
1036 2792 1068 2850 et

83 2868 121 2928 Ii.
141 2867 298 2928 Cornelius
320 2863 546 2946 Maluginensis.
586 2863 704 2927 Census
726 2871 812 2926 actus
832 2883 869 2925 eo
890 2885 989 2940 ann03
1008 2867 1069 2928 lus·

84 2951 172 3029 uum,
184 2951 304 3024 propter
318 2943 497 3026 Capitolium
512 2948 642 3024 captum,
656 2944 808 3023 consulem
822 2943 961 3015 occisum,
976 2944 1099 3037 φώ-

83 3023 251 3102 religiosum
266 3021 331 3082 fuit.
373 3023 410 3097 Q.
431 3021 528 3093 Fabio,
551 3025 586 3082 h.
600 3021 739 3085 Cornelio
764 3023 1068 3104 consulibus,pr1nci·

84 3100 134 3182 pio
147 3099 217 3159 anni
231 3102 335 3159 statim
355 3119 402 3160 res
415 3101 605 3162 turbulentae.
646 3099 830 3184 lustigabant
842 3101 956 3182 plebem
977 3101 1068 3160 tribu·

85 3179 135 3250 nia
155 3177 265 3236 bellurn
276 3177 381 3256 iugens
397 3179 414 3235 d
428 3177 544 3236 Volscis
566 3186 597 3238 et
610 3179 721 3258 AEquis
736 3181 837 3242 Latini
848 3187 939 3256 atquc
960 3177 1069 3236 Herni·
1192 3235 1193 3248 ,

85 3259 115 3318 ci
128 3254 328 3316 nunciabant:
345 3255 409 3333 J'am
435 3255 518 3313 Antii
533 3253 708 3318 Volscorurn
722 3259 852 3344 legiones
866 3273 946 3316 esser
970 3260 1002 3316 et
1022 3255 1068 3335 ip.
1112 3307 1115 3314 ,

84 3355 148 3398 sam
161 3331 306 3394 coloniam
319 3331 426 3412 ingens
446 3335 543 3392 metus
557 3337 621 3391 erat
634 3331 836 3407 defecturam
848 3337 998 3413 'aegreque
1012 3333 1066 3395 im·

122 3417 232 3472 tratum
252 3411 417 3486 atribunis,
429 3414 463 3469 ut
475 3407 584 3470 bellum
609 3411 751 3490 praeverfti
770 3414 910 3474 sinerent.
951 3411 1065 3476 Consu·

97 3511 130 3552 es
143 3489 213 3550 inde
234 3489 334 3568 partiti
348 3487 524 3569 provincias.
567 3489 663 3561 Fabio,
675 3499 709 3550 ut
733 3490 855 3552 Antium
869 3491 1001 3572 legiones
1012 3493 1067 3556 du·

85 3572 177 3636 cenet,
189 3565 308 3631 datum:
329 3566 480 3636 Cornelio,
498 3575 532 3628 ut
545 3568 650 3630 Romae
673 3568 814 3649 praesidio
835 3576 937 3641 esset;
956 3589 1067 3652 nequa
1160 3644 1163 3652 Ι

81 3649 157 3738 ,μη
168 3644 305 3724 huetium
318 3646 372 3738 qui
389 3645 578 3790 AEquiedmos
591 3656 666 3738 apat,
678 3647 716 3712 ad
729 3649 932 3732 populandum
944 3651 1067 3714 renuet.

252 3782 256 3794 fl
525 3749 605 3796 t'ep‘,
669 3755 680 3772 o·
771 3759 775 3776 r
854 3761 857 3772 ·
953 3777 955 3785 ,

763 3787 872 3838 ιτι,ι[“,·,”
906 3792 908 3800 ’
942 3805 946 3819 ¹
