2372 4116
89 217 147 276 218
493 211 532 274 Τ.
550 213 667 274 LIVII.

89 369 138 432 nis
158 369 281 434 haberet
302 371 413 442 duces;
430 371 538 432 Patres
559 370 657 438 omnia
678 369 843 448 quaestoriis
868 370 1002 442 comitiis,
1020 371 1072 448 ubi

92 457 251 526 rubumque
271 449 352 530 plebi
365 449 481 518 liceret,
502 450 609 510 similia
630 449 692 510 fore
713 457 878 520 cernentes,
898 449 1073 511 teuderesd

95 528 250 588 consulum
265 527 394 597 comitia,
417 547 483 606 quae
507 527 638 588 nondum
658 529 822 608 promiscua
845 535 957 590 essent.
996 527 1076 592 lcilii
1145 561 1147 566 ·
1175 515 1176 592 J

93 605 199 666 contrat
218 607 351 668 tribunos
372 607 498 668 militum
526 606 671 667 creandos
690 606 802 680 dicere,
823 611 854 666 et
873 607 998 676 tandem
1022 605 1077 666 ali·
1175 637 1176 640 ¹

92 683 670 766 quandoimpartiendnsplebibonores.
1015 724 1018 729 s

137 763 204 824 ΙΝ.
236 763 295 826 Sed
309 761 393 824 nulla
412 771 477 825 erat
497 763 660 824 consularis
673 764 761 836 actio,
781 783 868 844 quam
886 761 1078 853 impediendo
1175 773 1176 836 l

91 837 137 914 id,
159 841 237 920 quod
250 842 402 922 petebant,
415 841 630 924 exprimerent;
648 861 738 919 quum
756 845 833 904 mira
847 842 1078 922 opportunitate,
1175 869 1176 898 ÷

91 915 220 982 Volscos
233 926 265 982 ct
288 919 403 1011 AEquos
424 921 592 1002 praedatum
605 926 689 980 extra
711 921 786 982 lines
800 921 896 984 exisse
917 921 949 980 in
971 939 1077 1000 agrum

59 1037 60 1040 =
91 995 235 1060 Latinum
257 997 491 1077 Hernicumque,
514 995 649 1071 offertum
669 999 709 1059 ad
730 999 944 1077 quodbellum
964 999 1013 1058 ubi
1038 1019 1077 1062 ex

92 1077 353 1140 senatusconsulto
374 1079 511 1140 consules
534 1077 683 1138 delectum
705 1077 811 1139 habere
835 1077 1008 1158 occipiunt3
1028 1079 1078 1136 ob

92 1162 171 1216 stare
186 1163 258 1215 tunc
282 1155 369 1242 epixe
382 1155 502 1228 tribuni,
522 1155 576 1215 sibi
596 1155 729 1234 plebique
743 1175 808 1215 eam
831 1154 1077 1230 somonam‘obla-

92 1243 155 1292 tam
168 1240 374 1300 memorantes.
413 1234 490 1294 Tres
510 1237 604 1303 erant,
624 1238 655 1293 ct
667 1251 770 1294 omnes
790 1232 928 1293 acerrimi
946 1232 1013 1304 viri,
1024 1254 1078 1324 ge.

88 1311 246 1388 -ncrosique
256 1312 329 1392 jam,
341 1318 376 1372 ut
392 1312 471 1378 inter
482 1309 631 1392 plebeios;
652 1311 719 1380 duo,
731 1311 839 1391 singuli
843 1309 994 1390 singulae,
1016 1312 1076 1376 subi
1175 1313 1176 1388 J

91 1391 231 1452 consules
244 1390 441 1451 asservandus
455 1389 574 1451 assidua
588 1395 679 1470 opera
690 1389 869 1459 desumunt3
888 1388 939 1448 uni
953 1389 1076 1448 concio·

91 1469 178 1528 nibus
191 1468 262 1528 data
285 1487 365 1528 nunc
378 1467 550 1538 detinenda,
573 1489 652 1530 nunc
674 1467 847 1540 concienda,
869 1467 962 1545 plebs.
990 1466 1073 1528 ‘Nec

91 1547 243 1610 delectum
261 1547 407 1616 consules,
420 1544 476 1607 ricc
498 1546 626 1618 comitia,
644 1565 711 1624 quac
731 1547 886 1626 petebant,
899 1543 1009 1604 tribuni
1023 1565 1075 1604 ex·

92 1625 252 1706 pediebant
261 1644 270 1694 3
289 1625 454 1687 inclinante
468 1623 578 1686 deinde
592 1645 624 1685 se
637 1625 758 1688 fortuna
778 1623 816 1684 ad
839 1641 955 1688 causam
971 1623 1075 1702 plebis,

92 1702 194 1764 nuncii
217 1703 352 1776 veniunt,
374 1723 474 1764 arcem
497 1702 730 1773 Carventanam,
739 1702 864 1784 dilapsis
878 1693 925 1762 'ad
939 1700 1074 1780 praedam

90 1781 244 1849 militibus,
256 1781 305 1858 qui
325 1781 358 1841 in
378 1781 519 1874 prasidio
541 1788 636 1853 erant.
651 1771 781 1863 Equos,
793 1778 958 1862 interfectis
971 1779 1075 1862 paucis

93 1859 264 1920 custodibus
274 1860 364 1932 arcis,
376 1859 539 1931 rnrasissc;
558 1861 632 1921 alios
650 1865 838 1922 recurrentes
856 1859 887 1918 in
901 1877 1009 1929 arcem,
1021 1855 1076 1918 ali-

93 1958 126 1998 os
145 1938 281 2018 palantes
293 1937 333 2010 in
354 1939 433 2017 agris
450 1957 555 1998 caesos.
595 1939 639 2002 aa
660 1939 785 2002 adversa
807 1935 921 1996 civitati
934 1955 983 1996 res
997 1936 1076 1996 vires

91 2015 259 2076 tribuniciae
283 2015 392 2074 actioni
416 2014 547 2094 adjecit:
574 2034 612 2077 ne
635 2015 769 2093 qicquam
793 2013 872 2075 euim
897 2015 1015 2084 tentati,
1040 2019 1076 2074 ut

93 2100 157 2154 turn
179 2091 304 2170 denique
328 2091 508 2153 desisterent
528 2034 717 2174 impediendo
735 2093 823 2162 bello,
845 2090 1001 2181 postquam
1015 2111 1077 2152 non
1175 2151 1176 2156 ,

93 2191 209 2232 cessere
230 2191 286 2232 nec
300 2169 427 2252 publicae'
439 2171 625 2250 tempestati,
642 2191 698 2232 nec
719 2191 782 2231 suae
795 2170 935 2242 invidiae;
956 2170 1077 2250 pervin-

92 2256 174 2324 cunt,
194 2257 228 2311 ut
242 2250 543 2326 senatusconsultum
555 2248 608 2328 fiat
629 2250 666 2310 de
680 2250 807 2312 tribunis
830 2249 959 2309 militum
972 2269 1076 2308 crean-

94 2329 142 2390 dis
150 2352 159 2401 3
182 2335 263 2390 certo
277 2334 378 2390 tamen
393 2335 490 2410 pacto,
503 2347 542 2388 ne
555 2330 639 2408 cujus
653 2329 728 2390 ratio
741 2329 905 2398 baberetur,
917 2327 967 2404 qui
978 2347 1013 2386 eo
1027 2347 1081 2386 an-

92 2425 134 2466 no
147 2407 281 2469 tribunus
305 2408 401 2488 plebis
424 2411 520 2477 esset3
541 2425 617 2468 nave
637 2409 702 2486 quis
725 2406 940 2469 reticereturin
964 2425 1078 2466 annum

94 2485 230 2545 tribunus
251 2485 362 2564 plebis;
383 2486 460 2544 haud
476 2486 565 2545 dubie
579 2485 679 2546 lcilios
700 2487 861 2560 denotante
876 2489 990 2555 senatu,
1003 2503 1079 2560 quos

94 2563 263 2622 mercedem
286 2561 419 2620 seditiosi
433 2561 601 2622 tribunatus
615 2569 717 2644 petere
728 2563 910 2624 consulatum
925 2560 1080 2622 insimula—
1094 2636 1095 2644 ἵ
1175 2581 1176 2584 ’

94 2639 177 2702 bant.
215 2629 445 2697 Tum'dereccus
467 2637 579 2714 baberi,
599 2641 766 2720 bellumque
789 2639 918 2700 omnium
937 2637 1079 2716 ordinum

95 2732 243 2780 consensu
265 2735 282 2776 a
303 2717 400 2797 parari
414 2724 555 2798 coeptum.
582 2733 586 2762 2
595 2718 743 2782 Consules
766 2720 851 2780 ambo
870 2717 996 2798 protecti
1015 2717 1081 2804 sint·
1175 2775 1176 2778 ,

95 2795 134 2872 ad
149 2815 249 2858 arcem
298 2802 498 2872 arventanam,
512 2816 550 2856 an
571 2797 647 2857 alter
670 2799 708 2860 ad
726 2798 845 2857 comitia
863 2795 998 2856 habenda
1012 2797 1079 2856 sub„

96 2874 217 2944 stiterit,
234 2875 381 2936 incertum
404 2875 514 2936 diuersi
535 2880 671 2939 auctores
692 2875 824 2942 fanianu
849 2873 902 2932 illa
917 2895 971 2953 pro
996 2880 1078 2935 certo

97 2951 244 3025 habendo,
267 2954 417 3032 inquibus
441 2951 709 3024 pondissentiu'nt,
731 2953 857 3014 abarce
881 2951 1079 3024 Carventum,
1117 2980 1124 2991 ¹

94 3049 185 3106 ,quum
200 3029 251 3090 diu
276 3035 469 3111 nequicquam
484 3038 651 3114 oppugnata
670 3038 764 3104 esset,
781 3050 931 3092 recessum
941 3051 950 3104 3
970 3031 1079 3091 Verru-

95 3107 193 3188 ginem
208 3109 252 3166 ,iu
288 3107 406 3184 Volscis
433 3112 535 3181 eodem
573 3111 704 3174 exercitu
733 3115 892 3193 receptam,
915 3110 1078 3191 populatio

47 3217 52 3225 s
86 3204 207 3330 ¹pesque
226 3188 257 3244 et
271 3187 388 3264 praedas
402 3194 434 3248 et
453 3189 485 3246 in
496 3191 616 3264 ,AEquis
628 3195 660 3250 et
679 3193 711 3252 in
734 3189 844 3250 Volsco
857 3207 926 3268 egro
939 3189 1075 3266 ingentes

110 3271 201 3322 actes.

138 3341 221 3400 LVI.
251 3341 355 3401 Romae
373 3334 458 3412 'sicut
481 3342 575 3424 plebis
597 3341 722 3404 victoria
742 3346 800 3408 fuit
823 3346 853 3406 in
874 3364 917 3426 eo,
937 3350 983 3414 ut,
1007 3364 1074 3424 quae

96 3419 231 3492 mallent,
256 3419 376 3480 comitia
394 3421 556 3494 baberent3
575 3421 618 3482 ita
638 3429 747 3484 eventu
768 3423 951 3484 comitiorum
972 3423 1076 3493 Patres

95 3495 195 3570 uicere
203 3516 213 3566 ;
234 3495 366 3575 namque'
379 3500 491 3562 ¹tribuni
507 3501 633 3565 militurn
650 3501 795 3564 consulari
809 3507 958 3580 potestate
973 3509 1076 3566 contra
1175 3527 1176 3556 1

96 3581 456 3730 seperrpepirpprgppsprsqsp·
475 3657 622 3724 Servilius
645 3657 752 3740 Ahala,
791 3661 898 3738 Artem
919 3659 1074 3739 adhibitam
1175 3747 1176 3758 ἵ

446 3581 544 3642 alricii
561 3580 656 3648 creati
677 3585 756 3652 sunt,
771 3579 806 3640 C.
820 3580 918 3642 lulius
940 3581 1031 3653 lalus,
1043 3582 1076 3642 P.
