2394 4138
496 217 534 290 r.
553 187 667 298 mvn·

97 411 257 454 concursus
276 388 387 482 populi,
398 387 487 448 fiebat
502 385 533 446 lu
555 385 686 457 curiam3
702 385 923 467 'apparebatque
934 361 1086 464 rogitatu-'¹

1190 515 1193 564 l

97 489 173 542 runt,
186 473 235 550 qui
256 469 384 528 uicisset.
423 467 502 524 Tum
520 464 712 544 Tarquinius,
732 464 909 526 necessitate
927 463 989 543 jam
1003 462 1072 553 ipse

96 555 220 629 cogente
233 545 336 607 ultima
348 546 468 616 audere,
488 545 582 606 multo
602 551 634 604 et
648 549 737 604 aetete
761 549 792 604 et
804 541 914 624 viribus
937 541 1072 614 umidior.

95 625 226 688 medium
239 617 342 704 aiii'pit
361 624 512 691 Servium
533 619 731 701 elatumque&
752 619 833 680 ouria
854 619 884 679 iu
900 617 1070 680 inferiorem

96 708 209 784 partem
223 723 276 786 per
288 701 395 780 medus·
406 699 516 782 dejicit.
557 700 680 762 Indead
701 699 864 779 cogendum
882 697 1023 758 Senatum
1036 698 1071 758 in

94 780 207 842 curium
220 779 326 841 redite.
345 779 483 860 rittega
500 777 576 863 regis
589 779 798 859 apparitorum,
818 783 907 858 atque
920 777 1077 840 comitum

94 859 164 939 lpse
177 878 268 939 prope
282 858 447 939 exsanguis,
467 875 558 936 quum
579 851 743 918 semianimi
764 857 842 936 regio
864 854 1005 916 comitatu
1019 855 1073 915 do-

94 955 175 998 mum
189 955 222 998 se
231 935 384 1017 reciperet,
397 933 638 1017 peruenissetque
651 937 687 996 ad
702 929 846 996 summum
861 933 1016 1014 Cyprium,
1028 932 1073 992 vi-

94 1016 286 1085 cumatile,
307 1013 358 1094 qui
381 1013 466 1076 missi
487 1014 524 1072 ab
547 1013 711 1094 Tarquinio
736 1012 896 1094 fugientem
918 1012 1072 1072 consecuti

95 1105 191 1162 erent,
212 1093 396 1154 interficitur.
435 1090 585 1162 Creditur,
631 1093 678 1152 ula
691 1111 749 1152 nou
773 1087 947 1152 abhorrete
972 1097 1072 1150 cetero

94 1169 219 1242 scelere,
241 1170 393 1230 admonitu
419 1169 534 1230 Tulliae.
556 1170 586 1229 id
606 1113 737 1241 incusum
757 1173 905 1258 carpento·
921 1167 1002 1228 certe
1025 1167 1071 1244 (id

95 1248 175 1338 quod
195 1249 267 1308 satis
281 1247 408 1324 constat)
422 1247 453 1306 in
466 1247 561 1308 lorum
585 1247 713 1318 invectu,
735 1267 791 1308 nec
812 1251 943 1308 reverita
959 1253 1071 1308 coetum

94 1341 223 1385 unorum
233 1346 242 1396 ;
254 1325 389 1386 euocauit
407 1321 501 1386 unuln
516 1325 532 1382 ὲ
546 1324 642 1397 cunm
656 1343 812 1406 regemque
836 1323 929 1406 prims
943 1325 1073 1408 appello·
1174 1348 1179 1361 ¹

93 1402 157 1476 νὴ)
179 1401 198 1462 ὲ
220 1423 280 1482 quo
297 1403 445 1464 lacessere
461 1405 546 1484 jussu
558 1421 596 1463 ex
615 1408 699 1464 tanto
712 1403 851 1474 tumultu,
865 1421 960 1540 quum
973 1424 1008 1472 se,
1019 1404 1071 1462 do·

93 1498 175 1542 mum
198 1482 354 1562 reciperet,
376 1481 617 1562 pervenissetque
636 1482 676 1542 sd
697 1501 841 1543 summum
891 1481 1007 1562 yprium
1028 1481 1071 1542 vi·

93 1559 232 1632 cumuli
253 1559 392 1621 Dianium
406 1579 499 1640 nuper
519 1560 593 1632 luit3
613 1559 746 1622 flectenti
769 1563 941 1640 carpentum
963 1559 1069 1621 dextre

6 1689 10 1694 ,
89 1637 126 1698 in
145 1638 278 1698 Virbium
291 1637 410 1708 cliuum,
430 1645 464 1698 ut
484 1638 515 1699 in
529 1639 642 1702 collem
657 1639 868 1718 Esquiliarlum
889 1637 1070 1710 eveheretur,

92 1716 204 1776 restitit
226 1715 362 1797 pavidus,
375 1721 464 1795 etque
487 1716 613 1778 inhibuit
625 1716 724 1778 frenos
736 1717 774 1790 is,
797 1716 846 1796 qui
856 1717 992 1796 jumenta
1004 1735 1070 1798 uge-
1187 1769 1191 1774 .

93 1793 153 1865 bat,
168 1795 380 1876 jacentemque
401 1794 529 1856 domine
551 1793 685 1856 Servium
697 1795 877 1856 trucidatum
891 1795 1071 1856 ostendit-

92 1871 219 1934 Foedum
231 1873 482 1953 inhumanumque
505 1874 576 1936 inde
588 1874 717 1934 traditur
737 1875 846 1945 scelus,
869 1878 1072 1932 monumento·

93 1967 151 2029 que
164 1952 247 2011 locus
260 1957 323 2022 θείς
342 1951 525 2016 Sceleratum
544 1953 643 2014 vicum
664 1961 779 2023 vocant,
799 1971 857 2030 quo
877 1969 989 2022 emens,
1009 1950 1070 2031 agi·

91 2029 222 2089 tentibus
235 2029 320 2090 suriis
344 2029 450 2089 sororis
464 2049 498 2090 ac
517 2031 581 2106 viri,
594 2027 696 2090 'l'ullia
708 2049 761 2110 per
774 2031 865 2110 patris
886 2045 992 2108 corpus
1005 2048 1069 2089 oar·

91 2113 213 2190 pentum
228 2127 244 2166 e
265 2106 322 2166 'sse
335 2105 439 2176 fertur,
452 2113 623 2192 partemque
645 2107 795 2188 sanguinis
811 2127 845 2168 ac
859 2107 952 2167 caedis
971 2115 1069 2187 peter-

90 2203 140 2251 nae
151 2207 243 2250 emen
255 2209 274 2250 o
288 2182 432 2262 vehiculo,
449 2187 647 2252 contaminata
660 2187 723 2273 ipss
746 2206 952 2272 respersaque,
963 2186 1068 2258 tuisse

91 2269 130 2329 ad
145 2276 267 2346 penates
280 2284 349 2330 suos
366 2267 479 2348 virique
492 2270 556 2341 sui3
574 2270 784 2350 quibus-iratis
797 2271 875 2330 malo
894 2270 977 2352 regni
990 2267 1069 2350 prin·

92 2347 170 2427 cipio
188 2347 300 2408 similes
318 2348 487 2434 propediem
508 2350 604 2410 exitus
624 2356 846 2430 sequerentur„
866 2349 928 2410 Ser.
948 2350 1067 2412 Tullius

91 2427 228 2506 regnauit
250 2445 343 2486 annos
364 2433 489 2504 quatuor
502 2433 533 2494 et
546 2429 658 2519 quadro
679 2429 751 2498 'nta,
772 2427 813 2486 ita
838 2436 871 2487 ut
891 2429 1067 2490 bonoetiam
1126 2455 1131 2462 ¹

1 2536 3 2558 r
91 2504 302 2582 moderatoque
316 2503 488 2564 succedenti
502 2526 563 2586 regi
576 2505 666 2565 difficr
681 2506 704 2564 is
720 2503 869 2564 aemulatio
882 2511 970 2564 esset
996 2506 1067 2566 ΧΟε·

90 2582 188 2642 terum
201 2581 232 2640 id
252 2599 368 2658 quoque
380 2579 417 2638 aul
437 2582 559 2661 gloriam
578 2583 714 2652 accessit,
731 2581 812 2660 quod
833 2599 898 2642 eum
913 2581 966 2640 illo
978 2583 1065 2644 simul

63 2717 66 2726 ,
86 2661 170 2737 juste
182 2677 217 2718 uc
231 2657 362 2736 legitima
373 2677 464 2736 regna
481 2659 662 2720 occiderunt.
702 2660 738 2720 ld
762 2659 857 2739 ipsum
870 2665 930 2720 tam
944 2661 1016 2724 mite
1029 2681 1065 2724 ae

90 2743 152 2796 lem
164 2737 348 2796 moderatum
360 2735 512 2813 imperium
526 2744 636 2807 tumen,
644 2738 712 2816 quio
721 2737 807 2798 unius
816 2744 905 2810 esset,
918 2739 1066 2876 deqonere

90 2815 199 2875 eumin
212 2814 309 2874 animo
322 2812 465 2884 habuisse,
478 2815 595 2892 quidam
609 2823 742 2878 auctores
756 2821 846 2887 sunt3
866 2816 898 2877 ni
912 2835 961 2878 sce
975 2839 1009 2880 us
1023 2819 1065 2880 in·

1 2903 3 2952 ῑ
90 2894 231 2954 tostinum
244 2891 405 2952 libereudae
420 2893 523 2970 patrioe
537 2895 660 2956 consilia
672 2894 795 2976 agitanti
808 2894 1026 2958 interuenisset.

1 2966 2 2988 ¹
129 2971 240 3031 XLIX.
261 2970 336 3031 lnde
349 2969 386 3030 L
407 2971 588 3050 'l'arqulnius
602 2993 723 3056 regnare
737 2972 862 3052 occepit,
875 2974 923 3034 eui
935 2975 1066 3054 Superbo

1 3048 3 3064 '
91 3067 253 3128 cognomen
266 3047 347 3107 facto
358 3048 541 3125 indiderunt,
561 3053 630 3143 quia
651 3071 785 3113 socerum
808 3071 899 3132 gener
912 3055 1064 3132 sepultura

1 3122 3 3150 ³
89 3127 246 3218 prohibuit,
254 3125 437 3186 “Romulum
450 3149 566 3208 quoque
577 3132 756 3210 insepultum
768 3134 898 3212 perisse’
907 3131 1064 3191 dictitans:

1 3209 3 3236 ³
89 3223 232 3286 prrmoree
254 3203 386 3274 Petrum,
399 3225 472 3284 quos
486 3208 581 3267 Servii
593 3210 679 3278 rebus
691 3208 797 3270 lavisse
816 3209 963 3278 credebat,
976 3209 1064 3268 inter·
1180 3271 1182 3276 ,

1 3302 2 3308 ’
88 3284 160 3344 lecit
171 3303 181 3354 3
194 3279 331 3342 conscius
344 3281 461 3354 deinde,
474 3285 550 3344 mule
566 3286 721 3364 quaerendi
744 3285 828 3366 regni
839 3288 874 3344 ab
888 3307 919 3346 se
929 3286 993 3364 ipso
1010 3285 1062 3345 ud·

1 3431 2 3440 κ
87 3379 193 3423 uersus
206 3380 238 3421 se
252 3360 419 3439 exemplum
432 3363 497 3442 oapi
520 3381 616 3444 posse,
636 3363 756 3424 armatis
769 3383 875 3444 corpus
888 3364 1066 3443 circumsep-

1 3443 2 3460 ¹
89 3439 131 3498 sit
137 3459 146 3509 3
163 3438 356 3516 nequeenim
370 3439 408 3498 sd
426 3441 477 3518 jus
490 3439 573 3523 regni
585 3439 742 3522 quicquum
767 3449 877 3524 praeter
898 3441 959 3501 virn
980 3441 1066 3502 habe-

1 3545 2 3560 ι
71 3517 140 3576 ,δεῖ
151 3522 214 3586 aut
225 3515 277 3595 qui
289 3533 386 3596 neque
396 3519 496 3598 populi
513 3523 609 3600 jussu,
629 3539 725 3602 neque
741 3519 915 3580 'auctoribus
929 3521 1064 3582 Patribus

1 3605 2 3670 j
88 3598 234 3676 regnaret.
274 3593 590 3668 momenmentum
604 3599 726 3676 caritate
740 3598 930 3660 civiumnihil
945 3599 1010 3680 spei
1019 3619 1065 3661 re·

1 3760 2 3766 ἵ
87 3672 211 3762 peneuti
223 3676 305 3736 metu
318 3693 441 3765 regnum
464 3677 622 3742 tutandum
648 3684 744 3740 esset:
764 3697 854 3757 quem
874 3687 909 3742 ut
931 3679 1067 3762 pluribus
