2388 4120
279 223 716 346 ¹.‹‚,'sb1‚¹},¹;²R.„1V·
876 243 1085 333 ,mm

458 342 468 364 ¹
542 335 557 344 *³
778 324 787 344 i
851 351 888 382 (Λ
910 348 967 390 'w
1029 364 1053 389 'l

116 411 191 454 mun
227 387 301 472 Quis
314 393 437 468 dubitat,
450 398 532 478 quin,
549 397 580 458 in
595 404 739 460 eternum
762 401 832 462 urbe
846 329 1096 482 coniitulnlrm:

112 483 245 535 mensum
259 482 420 546 crescente,
432 497 508 538 nova
527 477 658 550 imperia,
671 477 844 550 sacerdotia,
859 482 928 560 jura
951 476 1085 560 gentium

116 547 322 634 hominumque
336 555 551 616 instituantur?
562 556 637 614 ‚Hoc
651 555 755 636 ipsum,
768 577 805 617 ne
826 557 1012 626 connubium,
1035 556 1089 615 Pa·

110 629 203 690 tribus
217 652 282 692 cum
306 632 392 712 plebe
405 639 493 704 esset,
516 653 575 704 non
589 633 749 694 decemviri
768 636 901 696 tulerunt
920 636 1023 726 paucis
1036 633 1083 694 his

109 707 338 789 annis-pessimo
350 711 485 792 exemplo
497 711 622 804 publico,
641 728 708 771 cum
722 731 834 772 summa
846 713 954 794 injuria
968 711 1084 792 plebis?

111 783 162 843 An
173 801 238 849 esse
251 789 314 848 ulla
326 788 418 867 major
430 795 482 850 aut
502 789 669 870 insignitior
682 791 860 851 contumelia
873 797 956 872 potes
992 789 1084 868 quim

107 869 223 997 partem
246 863 386 939 civitatis,
409 868 492 926 velut
514 865 752 940 contaminatam,
764 868 915 950 indignam
938 887 973 928 oo
1018 867 1084 929 ubio

129 943 207 1004 uberi
219 945 233 1002 i
254 942 333 1018 Quid
346 949 392 1004 eet
405 943 493 1016 aliud,
506 944 596 1026 quim
609 944 744 1005 exsilium
758 947 836 1007 intra
849 947 952 1006 eadem
965 945 1084 1016 moenia,

106 1018 199 1094 quim
212 1021 424 1100 relegetionerq
438 1024 517 1103 pati?
537 1025 585 1084 Ne
596 1021 794 1094 affinitatibus,-
807 1043 845 1084 ne
858 1043 911 1103 pro
932 1023 1085 1100 inquitati-

106 1094 164 1184 bus
178 1099 401 1170 immisceamur,
411 1107 532 1172 carent;
553 1122 590 1162 ne
603 1099 732 1161 societur
744 1101 872 1182 sanguis.
911 1043 1008 1176 auid?
1026 1101 1084 1161 lroo

107 1191 134 1232 ει
148 1177 255 1255 polluit
267 1175 446 1237 nobilitatem
463 1179 548 1240 istam
561 1185 700 1250 vestram,
714 1197 804 1258 quum
818 1179 950 1260 plerique
964 1177 1082 1239 oriundi

106 1267 144 1308 ex
160 1253 282 1328 Albanis
295 1259 326 1314 et
337 1254 459 1328 Sabinis,
471 1271 529 1332 non
542 1274 651 1347 genere
664 1275 722 1315 neo
732 1259 884 1336 sanguine,
898 1257 952 1317 sed
965 1273 1020 1337 per
1032 1275 1081 1316 eo·

105 1331 284 1406 optationem
306 1331 338 1392 in
352 1331 453 1394 Patres
468 1333 589 1404 habetis,
601 1337 653 1394 aut
673 1334 710 1394 ab
722 1337 838 1416 regibus
851 1333 934 1406 lecti,
947 1343 999 1395 aut
1011 1339 1081 1414 post

102 1423 188 1499 reges
201 1415 321 1474 exactos
338 1412 423 1490 jussu
448 1411 566 1490 populi;
585 1411 730 1470 sinceram
743 1432 861 1472 serrare
874 1411 996 1492 privetis
1010 1431 1080 1472 oon·

104 1481 179 1548 siliis
205 1507 265 1548 non
278 1487 431 1566 poteratis,
453 1507 509 1549 nee
530 1486 665 1547 ducendo
679 1507 716 1548 ex
735 1490 830 1570 plebe,
853 1507 891 1549 ne
914 1507 950 1548 ue
963 1495 1077 1550 vestras
1142 1523 1145 1528 ,

102 1559 181 1624 filias
195 1574 367 1644 sororesque
381 1566 507 1636 enubere
525 1565 650 1625 sinendo
663 1565 679 1622 ὲ
692 1566 852 1627 Patribus?
904 1581 970 1626 emo
982 1567 1079 1644 plebe·

101 1636 149 1702 ius
174 1641 307 1724 patrieiae
329 1642 434 1724 virgini
458 1643 518 1703 vim
541 1643 675 1716 afferren
694 1644 884 1723 patriciorum
908 1645 965 1705 ista
985 1643 1077 1704 libido

105 1724 172 1791 est3
194 1739 279 1782 nemo
292 1719 416 1781 invitum
431 1721 595 1802 pactionem
614 1721 775 1802 nuptialem
789 1741 966 1803 quemquam
978 1721 1077 1782 faeere

105 1799 262 1878 coegisset.
301 1797 413 1858 Verum
426 1797 505 1860 enim
518 1799 589 1879 verb
602 1799 667 1880 lege
679 1799 710 1861 id
721 1799 874 1880 prohiberi,
894 1808 926 1862 et
938 1798 1078 1860 connubia

104 1896 155 1937 nm
169 1877 234 1936 tolli
253 1877 374 1938 Patrnm
387 1897 422 1938 ac
446 1877 547 1958 plebis,
559 1875 590 1938 id
611 1877 729 1940 demum
743 1879 985 1940 contumeliosum
1000 1874 1078 1958 plebi

104 1961 171 2026 est;
192 1975 244 2016 eur
257 1955 336 2018 enim
349 1967 408 2016 non
423 1955 571 2032 confertis,
584 1975 623 2016 ne
647 1957 688 2016 sit
701 1957 876 2018 connubium
889 1955 1028 2018 divitibus
1041 1971 1077 2015 ao

102 2034 300 2170 pauperibus?
321 2033 407 2112 Quod
430 2034 609 2116 privatorum
633 2035 820 2097 consiliorum
841 2035 947 2114 abique
960 2052 1020 2094 sem
1043 2037 1088 2112 er

116 2113 170 2187 uit,
183 2119 226 2183 ut,
237 2109 269 2172 in
282 2131 371 2193 quam
384 2111 491 2192 cuique
514 2112 633 2174 feminae
646 2113 835 2174 convenisset
845 2113 975 2184 domum,
986 2132 1025 2172 nu

104 2196 172 2261 ret;
190 2203 228 2252 en
241 2211 298 2270 qua
311 2198 416 2270 paetus
429 2197 508 2252 esset
527 2192 573 2252 vir
585 2191 681 2262 domo,
702 2192 734 2251 in
759 2191 973 2252 matrimonium
986 2191 1076 2250 duce·

103 2274 170 2338 ret;
189 2267 220 2326 id
242 2287 293 2328 vos
307 2269 361 2328 sub
387 2267 459 2348 legis
482 2269 688 2348 superbissime
702 2269 990 2358 vinculaoopjioitiq,
1014 2271 1075 2358 qut
1186 2305 1187 2310 κ

100 2345 246 2406 dirimatis
259 2347 431 2406 societatem
444 2345 571 2416 civilem,
583 2346 716 2425 duasque
728 2365 766 2406 ex
779 2347 971 2406 una-civitate
982 2345 1072 2404 sacras

101 2423 149 2484 tis.
189 2423 251 2482 Cur
265 2444 323 2484 non
337 2422 467 2491 sancitis,
490 2443 528 2484 ne
542 2424 657 2484 vicinus
671 2422 795 2513 patricio
806 2425 847 2486 sit
860 2422 1015 2502 plebeius?
1035 2441 1073 2483 ne

100 2501 203 2562 eodem
222 2501 328 2562 itinere
349 2500 422 2561 eati
442 2516 479 2560 ne
501 2500 587 2572 idem
600 2501 765 2562 oonvuvium
780 2501 888 2562 ineat?
907 2521 945 2561 ne
965 2499 996 2560 in
1009 2499 1074 2560 foro

15 2620 18 2626 -
100 2580 204 2642 eodem
218 2577 381 2640 consistat?
400 2577 477 2652 Quid
491 2577 614 2640 enimin
629 2599 660 2652 re
671 2584 720 2639 est
732 2579 855 2650 aliud,ei
866 2579 1010 2659 plebeiam
1020 2596 1078 2657 pas

99 2657 202 2720 iricius
216 2657 344 2726 duxerit,
363 2656 388 2716 sl
412 2655 565 2735 patriciam
588 2657 743 2738 plebeius?
762 2658 834 2737 quid
851 2655 928 2738 juris
951 2655 1074 2717 tandem

101 2737 251 2796 mutatur?
271 2755 376 2814 nempe
399 2742 513 2814 patrem
537 2742 701 2814 sequuntur
723 2734 825 2804 liberi;
846 2755 912 2804 nee,
924 2733 1004 2814 quod
1018 2745 1101 2798 noa*

101 2833 139 2875 ex
152 2811 295 2875 connubio
308 2816 408 2872 vestro·
419 2817 564 2891 petamus,
584 2813 742 2892 quiequam
761 2819 816 2881 est,
828 2817 1024 2890 praeterquam
1039 2815 1074 2869 ut
1183 2817 1185 2876 fi

101 2891 259 2962 neminum,
283 2895 316 2950 ut
328 2888 435 2950 civium
448 2893 571 2948 numero
591 2887 700 2960 simus3
720 2909 785 2959 nec,
805 2907 857 2950 vos
879 2887 947 2967 (nisi
960 2887 990 2947 in
1004 2906 1074 2946 con·
1182 2891 1184 2970 l

101 2969 253 3036 tumeliam
266 2967 513 3048 ignominiamque
527 2973 657 3028 nostram
670 2973 784 3030 certare
793 2965 889 3047 jurat)
898 2995 901 2998 ·
911 2964 990 3044 quod
1004 2983 1075 3024 oon-

101 3047 241 3115 tendatis,
253 3045 410 3124 quiequam
421 3050 476 3106 est·
695 3063 697 3070 ¹

140 3121 177 3185 V.
197 3123 369 3213 “*Deinquq
379 3121 479 3185 utrum
490 3123 612 3184 tandem
630 3121 730 3204 populi
743 3121 877 3193 Romani,
890 3141 928 3182 an
941 3127 1072 3186 vestrum
1182 3125 1183 3160 ³

5 3225 7 3252 =
100 3209 245 3288 summum
259 3219 413 3281 rmperrum
437 3201 505 3261 est?
524 3203 569 3262 Re
590 3202 653 3261 'bus
678 3201 797 3273 exactis,
810 3201 910 3271 utrrirn
925 3201 1005 3262 vobis
1019 3204 1071 3260 do·

5 3281 6 3300 ¹
99 3281 232 3350 minatio,
248 3299 286 3340 an
300 3278 433 3338 omnibus
448 3297 534 3358 aequa
547 3279 568 3340 li
605 3286 666 3340 rtas
678 3285 764 3358 parta
778 3280 848 3341 est?
866 3279 1073 3360 Oportetlioe-

86 3358 253 3450 ·re'populo
273 3357 415 3426 Romano,
428 3357 547 3448 siselit,
564 3360 669 3438 jubere
691 3358 803 3437 legem
823 3365 918 3427 amnt
940 3375 1068 3435 quaeque

99 3443 209 3553 rpgptro
221 3436 405 3527 ppomulgata
425 3441 492 3526 ent,
516 3456 568 3496 vos
588 3437 739 3526 delectum
753 3453 907 3528 proptera
929 3433 1071 3524 rieeerne·

100 3513 1070 3673 bnt{tlttttltltlttjillb{labbenti:

96 3668 282 3735 tardares?
300 3675 332 3736 et
341 3669 497 3742 nbnaberis
510 3669 602 3766 plebi,
611 3669 772 3754 'minaberis
782 3667 924 3736 tribuno?
942 3661 1077 3741 ΜΛ.
