2394 4138
518 123 708 221 urrisun
1058 167 1097 232 us

25 275 39 377 ¹.
123 313 240 388 ζωαί,
258 314 426 396 eodemque
450 313 582 399 'tempore
608 335 646 376 ex
669 313 778 396 oppido
799 317 968 397 erupissent
987 319 1099 397 bostesf

19 382 34 460 l
124 394 198 455 rorte
211 397 245 461 iu
267 396 395 458 statione
417 393 549 456 Marcius
572 393 639 454 fnit.
677 396 717 466 is,
732 413 808 456 eum
833 395 950 458 delecta
972 398 1099 460 militum

121 493 218 546 manu,
240 497 301 536 nou
314 467 402 538 modb
422 474 566 554 impetum
587 474 805 552 erumpentium
824 477 944 546 retudit,
965 475 1018 536 sed
1045 497 1097 556 per

117 561 273 632 patentem
292 561 405 633 portam
419 551 503 614 l'erox
524 551 629 631 irrupit
638 571 647 622 ;
671 554 813 632 caedeque
826 551 856 612 in
870 555 1003 634 proxima
1018 557 1098 616 urbis
1147 589 1153 600 ·

116 633 210 704 fusti,
221 634 330 716 ignem,
342 639 454 694 temere
478 639 638 710 arreptum,
658 629 980 706 irnrnineptibusmuro
1004 633 1119 694 aedifi·-

115 710 172 770 riis
200 709 313 794 injecit.
352 712 472 770 Clarnor
489 709 559 770 iude
595 707 814 790 oppidanorum.
831 711 942 772 mixtus
964 709 1098 773 muliebri

116 791 284 871 puerilique
299 791 424 871 ploratu,
437 787 475 847 ad
488 793 639 864 terrorem,
653 795 688 845 ut
700 787 786 857 solet,
799 789 893 868 primo
907 797 984 860 ortu,
994 796 1026 851 et
1039 791 1097 870 Ro·
1119 789 1123 798 '

116 868 215 944 manis
228 870 311 932 auxit
324 869 464 938 animum,
483 872 515 927 et
528 865 657 926 turbavit
666 865 802 938 Volscos,
824 873 927 945 utpote
947 871 1036 948 coptu
1050 890 1097 929 ur-

113 946 161 1016 be,
170 947 225 1006 ‘oui
237 942 277 1008 ari
289 947 442 1008 ferendum
456 965 542 1024 opem
553 948 705 1004 venerant
746 943 793 1003 Ita
807 943 865 1006 susi
879 943 986 1005 Volsci
995 949 1096 1007 Antia·

113 1029 177 1091 tes,
190 1024 302 1086 Corioli
316 1025 454 1104 oppidum
469 1032 606 1104 captum‚;
625 1029 801 1100 tantumque
812 1030 866 1084 sut
879 1023 969 1084 laude
983 1025 1097 1086 obstitit

112 1101 208 1168 famae
224 1103 353 1164 consulis
368 1103 507 1170 Marcius,
518 1107 559 1172 ut,
574 1100 629 1160 nisi
652 1099 750 1160 foedus
764 1121 830 1161 cum
845 1101 974 1174 Latinis,
986 1104 1096 1163 colum·

110 1185 159 1240 nt
182 1187 267 1240 aenea
285 1180 475 1258 insculptum,
489 1183 678 1258 monumento
691 1186 782 1248 esset,
794 1181 831 1240 ab
844 1181 894 1262 Sp,
908 1177 1012 1240 Cassio
1027 1201 1097 1257 uuo,

19 1289 22 1310 ν
114 1259 187 1338 quia
200 1259 313 1338 collega
335 1257 475 1328 abfuerat,
498 1257 601 1330 ictum,
618 1257 787 1316 Postumum
801 1257 969 1320 Conuiuium
983 1260 1095 1320 bellum

110 1337 239 1417 gessisse
262 1357 331 1396 euru
356 1335 480 1405 Volscis
506 1333 647 1396 memorii
674 1335 824 1396 cessisset.
874 1338 989 1396 liudem
1012 1358 1092 1400 anno

116 1415 251 1496 Agrippa
275 1415 433 1474 Menenius
455 1413 586 1483 moritur,
600 1413 645 1474 vir
658 1413 738 1478 ouini
751 1414 814 1472 vitu
827 1416 938 1494 pariter
959 1415 1095 1479 Patribus

114 1514 151 1554 uo
163 1492 239 1574 plebi
250 1513 336 1554 carus
345 1513 357 1564 13
378 1499 445 1572 post
458 1492 655 1552 secessionem
670 1492 765 1552 carim
776 1493 854 1572 plebi
866 1492 977 1552 faetus»
1013 1495 1094 1556 Huic

105 1572 270 1651 'interpreti
293 1571 642 1653 arbitroqueooneoruise
666 1569 788 1641 civium,
798 1571 895 1651 legato
914 1572 1035 1630 Petrum
1053 1573 1093 1634 ad

115 1651 242 1729 plebem,
254 1649 403 1710 reductori
416 1650 507 1729 plebis
523 1651 663 1708 Romame
677 1649 708 1707 in
722 1651 824 1708 urbem
846 1655 980 1728 sumptus
995 1649 1096 1712 funeri

115 1729 231 1790 detuit:
252 1728 361 1790 extulit
373 1747 440 1788 enm
454 1727 537 1806 plebs
551 1726 733 1806 sextantibus
747 1728 862 1787 tollatis
884 1728 914 1787 in
929 1727 1035 1806 cupita.

154 1807 297 1872 XXXIV.
318 1805 466 1866 Consules
480 1805 589 1865 deinde
604 1805 811 1884 uueganns,
825 1807 848 1864 P
870 1804 1021 1866 Minucius
1035 1807 1096 1867 sors

19 1883 21 1910 ²
114 1885 150 1948 ri.
190 1887 233 1948 llo
246 1904 332 1955 anno,
346 1903 437 1964 quum
448 1888 481 1944 et
493 1883 563 1943 toris
576 1883 679 1962 quieta
692 1883 790 1944 ornnia
812 1848 919 1944 inhio
933 1883 1042 1954 esstn‘t
1061 1891 1094 1948 et

19 1987 21 2024 :
115 1963 197 2024 domi
208 1970 311 2024 sonata
324 1963 481 2031 discordia,
488 1961 572 2022 aliud
586 1959 682 2022 multo
694 1962 810 2040 gravius
821 1963 933 2022 malum
944 1961 1095 2026 civitatem

114 2042 245 2102 invasit:
266 2045 374 2104 caritas
392 2039 521 2122 primlm
541 2060 678 2109 annonae,
695 2059 732 2098 ex
744 2040 864 2102 incultis
889 2061 941 2120 per
953 2041 1095 2102 secessio-

114 2139 188 2180 nem
208 2119 301 2198 plebis
311 2120 409 2200 agris,
429 2118 523 2180 fames
537 2119 654 2189 deinde,
670 2117 767 2198 qualis
785 2119 895 2198 clausis
910 2119 1005 2190 soleta
1023 2139 1097 2180 ven-

115 2196 242 2276 tumque
263 2197 300 2256 ad
312 2198 465 2258 interitum
478 2197 663 2258 servitiorum
676 2199 779 2276 utique
798 2203 829 2258 et
851 2197 943 2276 plebis
957 2195 1045 2267 esset,
1059 2198 1091 2258 ni
1115 2269 1118 2274 ,

116 2276 258 2338 eonsules
278 2273 483 2354 providissent,
496 2275 625 2338 dimissis
637 2275 751 2356 'passim
766 2275 804 2334 arl
824 2275 1005 2336 frumentum
1024 2283 1093 2335 co'e-

115 2352 270 2422 mendum,
283 2351 341 2412 non
354 2354 385 2412 in
398 2353 547 2422 Etruriam
557 2355 647 2414 *mnndi
660 2353 772 2416 dextris
786 2355 822 2414 ab
836 2355 919 2414 (lstia
934 2353 1095 2426 littoribus.
1112 2363 1116 2371 '

19 2429 23 2444 '
115 2433 254 2524 laequue
273 2451 327 2512 per
348 2431 471 2493 Volscos
486 2431 557 2492 mari
570 2453 664 2512 usque
677 2433 715 2492 ad
734 2433 854 2502 Cumas,
868 2431 921 2493 seul
932 2431 1093 2523 quaesitum·

19 2579 20 2588 χ
114 2511 147 2572 in
163 2509 293 2570 Siciliam
308 2529 440 2589 quoque:
460 2503 536 2570 adeo
548 2509 739 2573 finitimorum
752 2510 828 2571 odia
840 2510 1009 2592 longinquus
1024 2517 1093 2570 coe·
1176 2561 1177 2580 ,

113 2595 222 2668 gerant
233 2588 365 2670 indigere
378 2587 502 2650 auxiliis
542 2591 734 2650 Frumentum
745 2589 848 2650 Cumis
869 2595 1093 2671 quumco'e'mp·
1176 2581 1177 2612 ³

116 2675 180 2728 tum
193 2672 282 2738 esset,
302 2687 392 2728 naves
413 2688 464 2748 pro
484 2669 567 2728 bonis
592 2669 830 2748 Tarquiniorum,
842 2670 879 2726 ab
900 2667 1092 2730 Aristodemo

115 2753 255 2827 tyranno,
266 2745 318 2824 qui
331 2745 426 2806 hseres
440 2751 515 2819 erat,
528 2751 654 2808 retentae
677 2751 765 2805 sunt:
786 2746 817 2805 in
831 2745 948 2804 Volscis
962 2745 1091 2824 Pompti-

115 2843 215 2904 noque
228 2843 269 2896 ne¹
280 2823 338 2884 emi
351 2824 471 2903 quidem
483 2823 595 2901 potuit:
616 2823 779 2904 periculum
793 2842 909 2902 quoque
929 2823 965 2879 ab
979 2821 1097 2902 impetn

118 2901 358 2992 bominumipsis
378 2902 639 2962 frumentatoribus
658 2901 724 2960 fuit.
762 2899 808 2960 Ex
832 2899 942 2972 Tuscis
962 2897 1093 2962 frumen·
1176 2935 1177 2938 ¹

19 3001 20 3004 ¹
117 2987 181 3041 tum
202 2981 305 3040 Tiberi
328 2979 428 3040 venite
449 2991 486 3040 eo
506 2983 673 3040 sustentata
695 2983 742 3038 est
761 2977 862 3058 plebs
901 2979 1092 3042 incommodo

116 3059 193 3120 bello
206 3057 238 3120 in
251 3063 314 3118 tam
332 3057 424 3118 arctis
439 3057 648 3117 commeatibus
670 3057 767 3117 vexati
790 3054 897 3127 forent,
911 3055 942 3118 ni
955 3057 1091 3130 Volscos,

113 3138 175 3216 jam
189 3133 343 3198 moventes
356 3153 445 3205 arma,
458 3133 627 3213 pestilentia
640 3133 744 3218 ingens
756 3135 930 3198 invasisset:
952 3141 989 3198 etr
1003 3138 1091 3198 clade
1176 3139 1177 3142 ’

118 3213 288 3278 conterritis
298 3214 425 3274 hostium
443 3213 558 3284 animis,
570 3219 604 3288 ut
620 3213 718 3284 etiam,
731 3215 780 3275 ubi
800 3233 836 3275 ea
848 3215 1019 3288 remisisset,
1031 3221 1091 3274 ter-

117 3313 182 3354 rore
195 3293 294 3374 aliquo
308 3299 488 3361 tenerentur,
500 3298 531 3353 et
547 3291 666 3356 Velitris
686 3313 794 3354 auxere
806 3311 960 3360 numerum
974 3293 1090 3354 colono·

116 3391 180 3432 nrm
205 3371 339 3442 Romani,
352 3373 384 3430 et
404 3371 515 3432 Norbae
529 3371 561 3432 iu
581 3371 697 3434 montes
717 3392 824 3432 novam
848 3371 1004 3442 coloniam,
1018 3390 1090 3450 quae

117 3469 171 3510 arx
184 3449 215 3509 in
236 3449 393 3540 Pomptino
406 3457 496 3523 esset„
517 3450 668 3512 miseruut.
692 3449 751 3524 xM.
777 3448 909 3512 Minucio
928 3449 1037 3510 deimle
1058 3455 1093 3510 eb

117 3531 157 3588 A.
165 3527 337 3607 Sempronio
350 3529 528 3598 oonsulibus,
541 3549 646 3610 mugra
658 3528 704 3588 vis
717 3526 858 3588 frumenti
870 3547 909 3588 ex
923 3527 1027 3588 Sicilia
1037 3527 1088 3590 ade

116 3610 224 3679 reeta3
242 3605 441 3692 agitatumque
454 3607 503 3748 iqi
499 3615 612 3686 senatu,
625 3607 728 3688 quanti
741 3605 820 3692 plebi
840 3605 968 3686 duretur.
1007 3603 1096 3678 Mults>
