2372 4116
401 19 587 123 ,aaa

326 126 335 150 e
411 107 491 166 ,μ’

225 251 230 256 ,
514 181 701 267 LIBERI.
922 235 927 240 .
984 232 995 240 ,
1029 191 1092 245 253

299 225 375 334 ela
598 299 601 307 ,
634 231 757 320 at,
781 233 1064 315 factitii,

120 339 289 418 Salpinates
316 341 457 424 Agrippae
474 337 573 398 ·Forio
591 341 622 398 et
648 337 710 397 Ser.
730 319 881 420 tSulpicio.
921 343 1010 407 Prids
1030 361 1098 402 cuin

118 416 357 488 Volsiniensibus
378 423 539 502 pugnatum
564 421 626 474 est:
648 416 756 475 bellum
778 436 900 506 numero
913 420 1038 484 hostium
1053 425 1098 486 iii·

114 511 201 577 gens,
217 498 381 576 certamine
401 497 478 567 baud
501 493 572 552 sont
592 493 815 577 35P21'um,..f¹l.¹,t·
855 497 932 559 Fusa
952 521 1096 566 concursu

115 577 213 666 primo
227 579 307 638 acies
322 575 483 656 infigam:
506 571 598 632 millia
611 578 677 631 octo
699 579 875 632 armatorum
892 578 928 640 ab
948 583 1096 658 equitibus

120 655 293 726 interclusa,
306 655 410 735 positis
424 653 521 720 armiS,
534 649 564 711 iri
573 649 754 713 deditionem
768 661 921 712 venerunt.
960 659 1099 740 Ejusbel.

120 730 143 798 li
157 731 235 792 fama
249 733 356 802 eflicit,
370 751 407 791 ne
421 751 452 792 se
466 746 573 810 pugnae
588 727 807 788 committerent
820 729 1004 808 Salpinates;
1024 761 1098 802 nioe.

115 810 203 870 nibus
225 811 330 870 armati
344 831 376 870 se
389 811 568 868 tutabantur.
608 807 733 866 Itomani
747 808 864 943 praedas
885 813 993 888 passim
1015 823 1096 882 etex

117 887 263 966 Salpinati
315 891 357 958 r‘o,
370 892 402 946 et
424 907 461 947 ex
487 883 684 954 Volsiniensi,
699 885 749 943 nul
764 903 859 945 oeam
884 888 941 946 vim
966 903 1101 966 arcente,

115 972 258 1045 egerunt:
269 905 375 1031 'dioec
390 963 624 1023 Volsiniensibus
638 961 724 1021 fessis
736 962 815 1021 bello
826 970 861 1022 eti
873 968 1051 1042 conditione,
1061 981 1096 1034 ut

114 1063 164 1102 res
177 1044 286 1122 populo
306 1042 443 1102 Romano
453 1039 621 1108 redderent,
634 1039 872 1119 stipendiumque
887 1045 950 1122 ejus
963 1049 1032 1108 anni
1046 1071 1096 1111 ex.

116 1119 223 1180 ercitui
236 1127 426 1200 prestarent,
439 1120 469 1178 iii
484 1119 588 1196 viginti
599 1137 691 1200 annos
705 1118 833 1178 induciae
849 1121 938 1182 datae.
980 1126 1106 1190 Eodem·

115 1217 196 1268 anno,
209 1199 252 1257 M.
273 1199 425 1259 Caedicius
449 1198 486 1256 de
505 1197 592 1276 plebe
607 1195 758 1256 nunciavit
769 1197 903 1268 tribunis,
917 1221 949 1263 se
962 1203 992 1264 iii
1007 1201 1095 1267 Nova¹

113 1277 172 1346 via,
184 1277 232 1336 ubi
243 1297 324 1338 nunc
339 1275 478 1336 sacellum
495 1281 550 1344 est,
564 1293 652 1354 supra
674 1276 769 1334 oedem
783 1275 895 1348 Vestae,
911 1300 1010 1342 vocem
1025 1303 1094 1345 noc·

113 1353 154 1417 tis
178 1356 297 1416 silentio
321 1337 450 1414 audistis·
460 1353 616 1412 clariorem
640 1351 779 1420 human-fi,
793 1371 860 1428 quae
876 1359 1093 1436 magistratibus

114 1425 176 1503 dici
187 1436 317 1510 juberet,
332 1439 350 1467 “
363 1431 466 1488 Gallos
479 1428 665 1488 adventare-’³
705 1429 749 1496 ld,
762 1434 796 1486 ut
808 1425 851 1498 fit,
862 1441 980 1513 propter
993 1447 1093 1500 aucto.

115 1511 158 1570 ris
170 1511 365 1570 humilitatem
381 1513 521 1587 spretum,
533 1513 564 1586 et
574 1504 654 1586 quiid
668 1506 837 1596 longinqua,
850 1531 943 1590 eoque
957 1513 1092 1597 ignotior,

115 1607 188 1668 gens
202 1594 274 1648 erat.
313 1587 420 1664 Neque
445 1585 576 1645 Deorum
600 1585 688 1644 modi)
701 1591 831 1654 monita,
853 1588 884 1646 iii
904 1593 1090 1670 ruente-lato,

115 1673 230 1745 spreta3
252 1665 304 1726 sed
316 1665 472 1724 humanam
487 1681 605 1754 quoque
618 1683 712 1743 opem,
727 1682 795 1740 qua
816 1685 875 1726 una
889 1687 938 1727 era
953 1665 1090 1738 ,Mau

112 1745 188 1814 rium
203 1747 239 1803 ab
259 1745 330 1803 urbe
344 1759 498 1810 amovere;
518 1763 581 1832 qni,
599 1739 646 1800 die
661 1742 745 1801 dicta
759 1742 795 1799 ab
812 1743 844 1801 L.
859 1747 985 1824 Apuleio
998 1751 1090 1812 tribu-

112 1842 152 1888 uo
165 1821 258 1900 plebis
272 1825 391 1900 propter
404 1817 537 1899 praedam
550 1821 756 1897 Veientanam,
769 1819 831 1880 filio
844 1841 961 1900 quoque
974 1826 1089 1890 adoles·

112 1906 199 1964 cente
213 1899 354 1980 peridem
370 1905 487 1977 tempus
501 1901 628 1966 orbatus,
640 1918 740 1977 quum,
752 1898 858 1976 apcjtis,
867 1899 987 1976 domum
999 1905 1089 1968 tribu.
1097 1926 1113 1964 „i
1126 1946 1133 1970 ,
1147 1926 1177 1967 μ

112 1977 187 2042 libus
211 1977 434 2055 clientibusque,
454 1978 574 2056 (ma-gua
587 1995 655 2055 pars
667 1977 761 2056 plebis
775 1969 850 2050 erat)
878 1993 1087 2056 percunctatus
1107 1997 1166 2062 ,trs

112 2055 223 2116 animos
245 2076 354 2124 eorum,
377 2075 548 2135 responsum
570 2053 698 2123 tulisset,
717 2061 776 2113 “se
787 2049 974 2148 (collaturosf
982 2065 1087 2138 quanti

93 2134 266 2194 ‘damnatus
280 2141 368 2202 esset,
380 2129 529 2193 absolvere
543 2153 608 2192 eum
623 2153 682 2192 non
696 2139 807 2212 posse,”
826 2132 857 2190 in
878 2135 1011 2198 exsilium
1026 2143 1085 2216 abif

111 2212 154 2270 it:
176 2219 313 2290 precatus
327 2211 362 2269 ab
376 2211 441 2270 Diis
453 2211 674 2280 immortalibus
693 2211 743 2269 “si
757 2209 875 2268 innoxio
889 2212 942 2271 sibi
961 2236 996 2275 ea
1009 2217 1085 2312 in'ju.

111 2288 154 2348 ria
164 2289 256 2358 fieret,
269 2289 362 2370 primo
375 2307 492 2366 quoque
506 2294 648 2366 tempore,
660 2286 839 2346 desiderium
854 2288 899 2346 sui
913 2290 1026 2370 civitati
1039 2318 1085 2358 m.

130 2367 215 2426 ratiae
237 2366 407 2436 facerent;''
434 2366 539 2426 absens
560 2364 728 2444 quindecim
753 2363 881 2436 millibus
904 2370 1000 2469 grauis
1014 2377 1082 2436 aeris

109 2388 275 2504 damnatur.
752 2439 825 2514 tavi*
838 2438 856 2517 ,s
895 2474 919 2530 't'

145 2523 289 2584 XXXIII.
310 2521 442 2600 Expulso
456 2523 530 2594 ciue,
543 2541 601 2601 quo
612 2525 759 2590 manente,
774 2521 799 2580 si
813 2522 968 2603 quicquam
983 2527 1083 2592 buma-

108 2623 210 2663 norum
225 2601 298 2661 certi
312 2606 369 2672 est,
382 2601 448 2677 capi
462 2603 556 2660 Roma
570 2621 627 2660 non
646 2605 798 2680 potuerat;
819 2601 998 2663 adventante
1009 2609 1082 2670 fita·
1111 2631 1113 2640 ¹

107 2682 129 2740 li
147 2680 211 2741 urbi
225 2679 320 2749 clade,
334 2679 421 2757 legati
436 2681 471 2736 ab
486 2679 618 2738 Clusinis
632 2680 765 2746 veniunt,
783 2679 923 2740 auxilium
937 2683 1081 2749 adversus

108 2757 210 2816 Gallos
233 2761 374 2834 petentes.
417 2755 489 2813 Eam
511 2762 635 2835 gentem
662 2754 791 2815 traditur
811 2755 899 2826 fains,
920 2759 1080 2826 dulcedine

106 2835 218 2914 frugum
232 2833 416 2910 maximeque
429 2832 498 2900 viiii,
511 2839 588 2892 novt
601 2839 664 2892 tum
679 2833 839 2907 voluptate,
859 2840 989 2914 captam
1027 2844 1079 2901 ΑΙ.
1147 2886 1163 2900 ,.

107 2933 159 2995 pes
172 2917 324 2979 transisse,
338 2929 480 2988 aprosque
493 2913 529 2970 ab
542 2909 687 2981 Etruscis,
707 2908 776 2968 ante
791 2909 885 2971 cultos
896 2917 1078 2991 possedisse:
1136 2921 1138 2926 ’

107 2999 136 3063 et
149 2989 295 3051 invexisse
309 2986 473 3048 iuGalIiam
489 2991 586 3048 viuum
601 2987 761 3048 illiciendae
772 2989 868 3065 gentis
878 2997 967 3050 causa
984 2997 1078 3059 Aron.

9 3087 16 3104 ¹·
106 3076 165 3130 tem
180 3067 343 3135 Clusinum,
357 3066 401 3125 iia
416 3073 561 3146 corruptae
574 3065 672 3125 uxoris
686 3066 721 3124 ab
736 3067 917 3138 Lucumone,
936 3071 981 3129 cui
996 3079 1077 3138 tutor

58 3197 62 3205 ,
106 3147 131 3208 is
144 3147 237 3205 luci-at
248 3147 321 3224 ipse,
332 3147 515 3223 praepotente
524 3146 643 3222 juverre,
656 3149 687 3204 et
701 3142 718 3200 l
731 3163 789 3222 quo
803 3146 901 3224 expeti
915 3168 1021 3226 poena,
1033 3155 1077 3213 ni.

105 3225 130 3290 ai
153 3230 275 3284 externa
288 3223 331 3282 vis
356 3219 485 3301 quaesita
505 3227 593 3292 esset,
614 3221 785 3300 nequirent;
808 3221 884 3284 huuc
898 3232 1077 3291 transeunti·
1141 3281 1142 3285 ,

74 3341 75 3344 =
106 3305 158 3362 bus
170 3301 264 3379 Alpes
277 3299 394 3370 ducein,
409 3303 555 3360 auctorem
578 3321 615 3360 ue
629 3299 763 3360 Clusium
777 3303 962 3386 oppugnandi
978 3304 1076 3379 tuisse,

108 3377 251 3456 Equidem
263 3377 341 3437 hauil
355 3380 448 3440 abnue
469 3377 536 3447 rim,
558 3321 693 3436 diustum
709 3375 812 3438 Gallos
826 3381 861 3438 ab
885 3383 1009 3454 Arunte,
1023 3406 1077 3447 seu

110 3476 166 3592 quo
193 3456 249 3514 alio
275 3457 412 3517 Clusium*
430 3455 588 3514 adductos:
610 3455 661 3514 sed
684 3475 744 3527 eos,
770 3456 820 3545 qui
845 3463 1077 3546 oppugnaverint

138 3531 252 3601 Iusiuin,
264 3553 321 3594 noii
343 3535 443 3603 fuisse,
456 3531 507 3610 qui
521 3531 606 3612 primi
621 3532 713 3612 Alpes
728 3540 909 3606 transierint,
923 3537 994 3598 satis
1009 3559 1078 3600 con-

112 3615 169 3672 stat
175 3629 184 3705 r
205 3608 339 3672 ducentis
357 3609 466 3748 quippe
480 3609 564 3672 annis
575 3609 657 3685 ante,
678 3611 768 3721 quam
784 3611 918 3672 Clusium
931 3626 1078 3726 oppugnas
