2372 4116
100 131 162 238 'aa
268 215 270 220 -
495 163 535 284 e.
555 177 671 240 men.
742 143 745 150 ’

101 338 179 404 rant,
202 353 253 416 per
266 335 375 412 legatus
388 333 469 392 ul'trb
483 333 618 412 cilrdque
631 333 734 394 missos
747 327 937 412 jurejurando
948 333 1082 394 interea
1166 337 1167 348 *

100 411 229 489 obligati,
242 431 305 472 cum
327 412 504 474 enercitbrs
516 431 570 472 nec
584 411 704 492 opinati>
716 395 752 470 ad
766 409 857 490 Vejus
871 429 1077 472 accesseras-

102 489 189 550 Forte
211 494 246 547 eii
267 490 397 568 regione,
413 495 472 567 qua
494 489 538 548 M.
553 489 671 570 Sergius
691 489 821 549 tribunus
834 488 962 547 militurn
976 497 1075 566 praee·

100 573 155 634 rat,
182 571 278 626 cestra
300 568 396 627 adorti
422 572 501 637 sunt,
524 568 730 646 ingentemque
754 575 892 626 terrorem
919 566 1072 636 intulere;

120 641 167 702 nia
180 642 326 704 Etruriam
339 664 454 706 omnem
468 645 594 704 excitam
608 645 724 706 sedibrs
738 651 843 724 aragne
865 644 943 705 mole
962 645 1074 706 adesse
1166 645 1167 648 ’

99 662 229 782 lmnani
244 721 446 794 crediderant;
468 722 570 784 eadem
584 724 682 802 opinio
696 719 837 802 Vejentes
851 722 959 782 inurbe
974 722 1080 780 conci·

97 798 182 858 terit.
222 797 269 857 Ita
291 801 411 878 ancipiti
425 801 531 882 proelio
555 808 652 864 castra
665 803 798 860 Reruana
812 801 1054 880 oppugnabantur
1070 821 1079 870 ;

100 881 379 957 concursantesque,
392 899 482 958 quum
506 879 561 936 buc
575 884 663 956 atque
686 879 758 937 illuc
772 877 857 958 signa
869 876 1078 948 baudement,
1166 951 1167 958 ἵ

99 974 155 1016 nec
171 955 324 1034 Veientem
340 957 411 1018 satis
425 957 556 1018 cohibere
571 958 649 1016 intra
666 955 852 1026 munitiones,
866 975 921 1014 nec
935 953 994 1014 sui·
1009 975 1078 1012 mun

100 1034 240 1094 ninrentis
254 1053 353 1095 arcere
367 1037 436 1110 vim,
458 1057 492 1096 ac
507 1034 583 1100 tueri
603 1055 638 1096 se
652 1037 687 1094 ab
701 1035 844 1094 exteriore
858 1039 995 1111 poterant
1008 1032 1076 1092 lras-

100 1115 131 1171 te
140 1131 149 1180 ;
169 1129 227 1170 uiro
240 1131 306 1190 spes
330 1119 400 1181 erat,
425 1113 450 1172 si
465 1134 502 1173 ex
514 1114 670 1189 rnnjuribus
692 1112 796 1172 castris
811 1109 1027 1178 subveniretur,
1040 1117 1075 1170 ut
1166 1163 1167 1188 ,

99 1187 223 1252 dirersae
236 1189 375 1268 legiones,
398 1191 466 1250 aliae
489 1189 629 1246 adversus
651 1189 832 1266 Capenatem
854 1207 889 1246 ac
914 1187 1075 1262 Faliscum,
1166 1239 1167 1250 ,

98 1265 164 1328 aliae
180 1271 281 1326 contra
294 1266 476 1344 eruptionem
495 1263 702 1352 oppidanorum
716 1272 892 1346 pugnarent.
933 1266 992 1322 Sed
1008 1285 1077 1324 cas-

98 1346 152 1406 tris
166 1351 294 1425 praeerat
306 1343 465 1424 Virginios,
477 1342 614 1420 paratim
629 1342 728 1420 Sergio
739 1342 850 1402 invisus
863 1343 1051 1419 infestusque
1066 1365 1078 1415 ς
1166 1395 1167 1416 ,

99 1424 137 1496 is,
150 1443 239 1502 quum
252 1423 392 1502 pleraque
417 1421 540 1482 castella
564 1427 737 1509 oppugnata,
760 1425 911 1509 superatas
934 1419 1077 1480 munitio·
1166 1489 1167 1502 ,

101 1521 164 1570 nes,
178 1501 315 1578 utrinque
340 1499 437 1558 invelri
456 1499 568 1558 hostem
596 1503 793 1563 euticiae-etur,
815 1517 848 1556 rn
861 1498 949 1556 arinis
961 1497 1076 1559 milites
1166 1503 1167 1556 t

103 1583 220 1640 tenuit:
238 1577 261 1636 si
277 1597 349 1656 opus
362 1577 438 1636 foret
451 1577 572 1646 auxilio,
582 1575 722 1653 collegam
738 1574 880 1644 dictitans
894 1575 930 1636 ad
951 1597 993 1638 se·
1006 1577 1076 1636 mis·
1166 1599 1167 1638 t

101 1677 209 1718 surum.
250 1657 347 1734 Hujus
369 1655 567 1736 arrogantiam
585 1649 1077 1732 pe1·tiimcia'alterius'aequabat3
1166 1679 1167 1692 ¹

101 1734 161 1811 qui,
175 1753 212 1794 ne
239 1752 324 1812 quam
350 1753 436 1812 opem
457 1735 493 1792 ab
505 1731 624 1792 inimico
638 1731 788 1791 uideuatur
811 1731 1025 1810 petissmvinci
1038 1736 1080 1792 ab

101 1813 296 1889 hoste,qu21m
311 1811 427 1870 vincere
452 1832 504 1890 per
518 1811 621 1878 civem,
634 1808 747 1867 raraluit.
787 1809 846 1868 Diu
860 1809 891 1868 iu
906 1810 1001 1870 medio
1015 1829 1087 1876 cae-,
1166 1811 1167 1854 ἕ

102 1889 127 1950 si
154 1887 463 1967 milites;post1emb‚
486 1886 612 1947 desertis
636 1886 856 1959 munitionibus,
878 1886 1017 1966 perpauci
1042 1887 1078 1949 in
1166 1895 1167 1898 ’

100 1969 211 2046 majora
225 1972 329 2033 castra,
342 1985 409 2044 pars
423 1965 549 2024 inanima
563 1970 652 2042 atque
666 1963 729 2042 ipse
744 1963 862 2043 Sergius
875 1964 997 2024 Minora
1010 1985 1077 2054 per·
1166 2019 1167 2022 ,

102 2044 262 2114 tenderunt
267 2063 277 2113 ;
296 2043 351 2130 ubi·
366 2061 455 2130 quum
479 2060 597 2130 omnem
610 2041 726 2129 culpam
750 2041 780 2111 in
795 2039 937 2122 collegam
951 2042 1076 2104 inclma-

102 2126 157 2189 ret,
170 2121 258 2180 acciri
271 2119 435 2198 virginium
447 2139 484 2179 ex
499 2123 613 2187 castris,
623 2123 736 2178 interea
746 2137 876 2198 preaesse
890 2120 1002 2200 legatos
1012 2119 1079 2200 pla·

104 2198 174 2258 cuit.
213 2201 288 2258 Acta
309 2197 418 2257 deinde
441 2197 474 2258 in
497 2202 600 2258 senatu
623 2215 669 2254 res
693 2202 749 2266 est,
771 2202 975 2276 certatumque
997 2197 1076 2260 inter
1166 2237 1167 2248 ,

102 2277 231 2357 collegas
257 2275 441 2346 maledictis3
460 2273 547 2355 pauci
567 2271 748 2352 reipublice,
771 2273 838 2334 huic
861 2283 951 2352 atque
975 2276 1074 2346 illi,ut

102 2373 233 2434 quosque
248 2355 376 2412 studium
392 2353 527 2432 privatim
541 2358 592 2412 aut
603 2351 698 2432 gratia
718 2359 945 2443 occupaverunt,
957 2353 1079 2413 adsunta
1166 2379 1167 2424 q

142 2433 195 2490 IX.
215 2431 360 2490 Primores
382 2434 513 2501 Petrum,
534 2427 697 2509 siveeulpt
711 2432 773 2492 sive
793 2426 968 2492 infelicitate
981 2429 1072 2509 impe·
1166 2445 1167 2492 3

102 2515 230 2568 ratarum
251 2516 312 2566 tam
336 2509 528 2588 ignunriniosa
552 2507 652 2568 clades
675 2513 797 2586 accepta
816 2515 903 2574 esset,
924 2525 1076 2579 censuere,

100 2586 196 2644 erton
210 2587 440 2662 exspectandum
460 2589 574 2664 justum
598 2594 712 2662 tempus
734 2583 928 2652 comitiorum,
950 2584 1002 2642 sed
1022 2605 1073 2644 ex·
1166 2617 1167 2662 3

101 2663 211 2741 tenrplo
226 2681 315 2722 noeros
334 2662 466 2724 tribunus
481 2661 605 2720 militnm
620 2661 761 2720 creandos
774 2679 850 2729 esse,
861 2661 914 2739 qui
927 2659 1076 2722 Kalendis

105 2739 278 2800 Octobribus
298 2741 499 2830 magistratum
513 2741 709 2820 occiper·eut.”
750 2740 784 2798 ln
798 2757 884 2818 quam
900 2737 1075 2800 sententiam
1161 2753 1167 2803 ,¹

106 2837 196 2898 quum
212 2818 333 2896 pedibus
355 2824 455 2888 iretur,
469 2819 560 2878 ceteri
581 2817 688 2876 tribuni
703 2817 828 2876 militnm
842 2815 914 2890 nibil
930 2818 1074 2878 contradi·

106 2915 172 2956 cere
184 2916 196 2952 a
213 2903 245 2954 at
257 2897 404 2956 enimvero
425 2895 542 2973 Sergius
556 2893 773 2970 Virginiusqne
794 2901 913 2972 propter
926 2913 1000 2970 quos
1015 2915 1074 2987 pm·
1166 2911 1167 2948 t

103 2971 199 3037 nitere
224 2973 442 3051 magistratuum
465 2975 528 3052 ejus
551 2971 620 3030 arani
644 2979 777 3033 senatum
802 2971 969 3058 apparebat,
981 2973 1073 3052 prrmb
1166 2977 1167 2984 ’

105 3047 257 3125 deprecari
271 3051 469 3128 ignominiam,
485 3049 592 3110 deirde
605 3049 790 3110 intercedere
804 3051 1078 3112 senatusconsultus.
1166 3081 1167 3108 ;

104 3127 221 3204 negare,
241 3143 272 3184 ee
293 3132 361 3184 ante
383 3129 454 3196 Idus
479 3129 666 3196 Decembres,
687 3129 842 3188 solennem
867 3127 1003 3188 ineundis
1019 3147 1074 3188 ma·
1166 3129 1167 3198 s

104 3201 272 3286 gistratibus
286 3201 373 3268 diem,
387 3203 494 3262 honore
520 3205 648 3262 abituros
670 3225 744 3264 esse.
783 3207 866 3264 Inter
879 3205 943 3266 haee
966 3207 1073 3267 tribuni

105 3279 208 3356 plebis,
220 3298 308 3358 quum
322 3277 352 3335 in
367 3278 523 3338 concordia
536 3279 683 3336 horninnm
697 3283 893 3360 secundisque
907 3283 991 3342 rebus
1005 3284 1077 3343 nisi·

104 3356 176 3414 tatis
188 3357 274 3416 inviti
287 3355 433 3420 silentium
448 3356 621 3426 tenuissent,
634 3357 748 3430 seroces
763 3359 882 3437 repenti⁴
907 3359 1012 3420 minari
1024 3363 1073 3422 tri·

104 3432 190 3494 bunis
204 3435 338 3510 rnilitum,
352 3433 407 3493 nisi
421 3433 449 3493 in
464 3436 637 3503 micturitate
651 3443 772 3496 seuatds
786 3441 892 3505 essent.
914 3459 946 3497 se
962 3439 996 3498 in
1014 3440 1071 3500 vin-v

105 3509 173 3588 ceila
185 3529 235 3570 eos
245 3511 314 3569 duci
322 3514 456 3590 jussuros
469 3533 543 3575 esse.
582 3515 659 3574 'lum
675 3514 709 3572 C.
725 3515 866 3573 Servilius
883 3517 975 3584 rtlmln
986 3518 1072 3586 tribu·
1166 3555 1167 3580 ;

103 3605 159 3650 nus
182 3587 327 3664 militurn:
348 3597 364 3624 “
373 3589 458 3670 Quod
472 3589 509 3650 ad
533 3613 586 3654 vos
600 3591 717 3669 attinet,
730 3591 838 3662 tribuni
853 3593 956 3678 plebis,
969 3595 1075 3664 minoas
1166 3617 1167 3634 ¹
