2394 4138
30 195 36 215 '
88 219 130 294 rs
490 213 531 276 r.
553 212 668 276 nrvrr.

90 371 208 434 antibus
231 370 336 434 “uude
349 369 400 434 ille
413 369 550 434 habitus?
569 371 649 432 uude
670 367 884 443 deformitosi‘t¹
905 377 996 450 quum
1010 363 1069 432 'cir-
1098 369 1101 373 ’

90 450 225 512 eumiusa
245 452 330 510 turba
342 458 423 511 esset
436 469 526 531 prope
547 449 578 509 in
593 447 756 510 conscionis
780 449 910 519 modum,
929 449 1069 510 “Sabino

85 529 204 600 lelloss'
223 529 275 600 ait,
291 537 349 590 “se
361 528 549 599 militantem,
562 527 631 606 quia
654 533 774 607 propter
786 527 991 608 populationes
1004 529 1069 608 agri
1161 566 1165 576 ·

90 625 151 668 nnn
164 607 263 666 fructu
278 605 365 666 modd
379 606 515 679 caruerit.
539 605 592 666 sed
606 605 678 664 villa
690 603 811 666 incensa
831 605 929 674 luerit,
950 606 1073 684 direpta

91 685 197 754 omrria,
212 704 318 764 pecora
330 687 443 756 abacta,
455 685 596 744 tributum
617 684 719 763 iniquo
733 701 785 743 suo
797 690 928 766 tempore
941 683 1071 763 impera·

90 765 164 832 tum,
185 779 227 824 aes
241 763 367 824 alienum
389 763 516 824 secisse:
535 763 576 832 id,
597 762 778 838 cumulatum
791 757 1022 853 'usur·is‚¹primd
1036 771 1082 824 se'

83 857 162 920 sagro
174 847 299 940 paterno
321 841 459 921 avitoque
480 840 606 912 exuisse,
626 841 735 900 deinde
757 839 880 900 fortunis
894 841 960 902 alris
972 861 988 900 =⁴
1002 861 1070 922 pos·

32 950 35 962 =
90 923 197 989 tremo,
217 921 419 991 veluttabem
440 921 609 1000 pervenisse
623 919 661 979 ad
675 939 791 997 corpus.
840 920 1018 980 Ductumse
1031 921 1069 978 ab

92 998 250 1063 creditore.
272 1017 330 1058 non
344 999 375 1058 in
396 999 559 1070 servitium,
572 998 624 1058 sed
642 997 674 1057 in
689 997 868 1078 ergastulum
881 1001 912 1057 et
925 995 1069 1058 carnifici·

91 1093 160 1136 nam
175 1084 266 1154 esse?
306 1077 380 1137 lnde
395 1083 542 1138 ostentare
556 1083 681 1156 tergum,
691 1075 806 1136 foedum
825 1076 991 1136 recentibus
1004 1096 1068 1138 ves·

91 1154 172 1233 tigiis
185 1153 347 1214 verberum.
388 1155 435 1214 Ad
452 1156 517 1214 haec
531 1153 766 1233 visaaudiraque
784 1153 895 1214 clamor
906 1155 1010 1235 ingens
1023 1174 1068 1214 or·

90 1230 160 1290 itur.
200 1231 269 1294 Non
279 1233 342 1312 jam
356 1231 419 1291 soro
432 1253 465 1291 se
478 1232 623 1292 tumultus
634 1233 776 1302 continet,
789 1233 842 1294 sed
896 1233 965 1292 ssim
975 1238 1067 1293 totam

90 1309 194 1371 urbem
207 1310 352 1389 pervadit.
393 1311 480 1370 Nexu
496 1309 589 1370 vincti
603 1310 751 1390 solutique
764 1331 796 1370 se
805 1252 894 1371 ‘undifl
923 1332 939 1372 e
951 1311 983 1370 ln
997 1313 1068 1391 pub·

92 1386 182 1452 licum
193 1388 372 1469 proripiunt,
392 1390 553 1468 implorant
573 1387 731 1460 Quiritium
752 1389 852 1449 fidem.
922 1381 982 1452 ulte
1003 1393 1067 1450 loco
1156 1431 1161 1438 -

66 1479 73 1492 ·
93 1465 180 1528 deest
193 1466 346 1527 seditionis
370 1468 553 1528 voluntarius
574 1486 687 1528 comes:
707 1467 810 1528 multis
825 1468 933 1547 passim
947 1469 1069 1548 agmini·

92 1545 147 1604 bus
161 1565 214 1624 per
227 1565 328 1606 omnes
351 1546 415 1607 vias
428 1566 496 1605 com
510 1545 637 1606 clamore
650 1545 681 1605 in
695 1543 789 1605 lorum
810 1545 946 1606 curritur.
984 1549 1068 1627 Mag·

93 1641 133 1682 ne
147 1642 213 1682 cum
223 1623 356 1714 periculo
370 1643 431 1694 suo,
444 1625 495 1704 qui
508 1625 583 1685 sorte
597 1623 719 1684 Patrem
732 1625 763 1684 in
777 1623 945 1696 torserant,
958 1625 989 1685 in
1002 1643 1066 1686 enm

93 1703 208 1760 turbam
222 1696 409 1767 inciderunt:
430 1724 486 1764 nec
499 1707 694 1785 temperatum
715 1701 848 1763 manibus
861 1703 946 1774 leret,
959 1703 989 1763 ni
1003 1725 1068 1785 pro·

93 1799 165 1916 pere
179 1781 325 1852 consules,
341 1782 374 1841 P.
385 1781 527 1842 Servilius
545 1789 577 1844 et
590 1783 648 1861 Ap.
657 1781 811 1849 Claudius,
824 1781 860 1840 ad
877 1782 1069 1862 comprimen-

117 1875 162 1917 am
175 1857 602 1922 seditionem'intervenissent
629 1858 907 1920 .1neosmultitad0
920 1879 1013 1940 versa,
1023 1871 1068 1921 o's-

95 1941 212 1996 tentare
227 1938 345 1998 vincula
359 1959 411 2000 sua
422 1939 700 2016 deformitatemque
713 1937 809 2014 aliam.
849 1937 926 1998 Haec
938 1951 970 2000 se
984 1939 1069 2000 meri·

91 2020 141 2074 tos
155 2015 262 2086 dicere.
283 2019 494 2096 exprobrantes·
507 2038 589 2078 suam
601 2017 728 2096 quisque
746 2014 821 2076 alius
842 2015 909 2078 alibi
925 2017 1068 2093 militiam

94 2091 249 2153 Postulare
263 2095 358 2154 maltd
370 2094 526 2155 minaciter
537 2095 640 2175 magis,
650 2094 739 2174 quim
749 2091 930 2184 suppliciter,
940 2102 974 2155 ut
982 2115 1069 2158 sena·

95 2175 157 2234 turn
167 2179 325 2234 vocarent:
340 2172 509 2252 curiamque
520 2175 585 2254 ipsi,
596 2173 687 2234 futuri
698 2171 798 2232 arbitrr
811 2172 1068 2254 moderatoresque

89 2250 204 2332 ⁴publici
225 2253 350 2322 consilii,
372 2251 600 2314 circumsistunt.
648 2251 739 2312 Pauci
761 2249 918 2312 admodum
934 2251 1072 2324 Petrum,

95 2349 169 2409 quos
186 2351 272 2391 casus
286 2333 439 2401 obtulerat,
453 2333 598 2394 contracti
611 2333 649 2393 ad
663 2329 820 2391 consules:
843 2335 956 2391 ceteros
972 2337 1067 2392 metus

94 2427 154 2470 non
166 2409 248 2468 carita
262 2411 358 2477 modd,
372 2411 423 2470 sed
438 2409 527 2470 etiam
541 2413 604 2470 foro
616 2411 753 2476 arcebat-3
775 2426 829 2466 nec
843 2409 890 2486 agi
909 2409 1067 2485 quicquam

16 2481 30 2494 “
93 2505 149 2566 per
159 2486 389 2564 infrequentiam
424 2491 518 2553 oterat
531 2497 659 2547 senatus.
704 2485 785 2541 (lum
800 2484 869 2544 verd
883 2483 963 2542 eludi
976 2489 1066 2560 atque

27 2571 36 2574 “
94 2563 207 2624 extrahi
226 2583 258 2622 se
272 2563 388 2632 multitu
414 2582 430 2620 o
451 2569 574 2640 potare3
596 2571 635 2632 et,
647 2563 770 2621 Pataram
782 2559 832 2637 qui
846 2561 993 2630 abessent,
1005 2579 1066 2621 non

93 2657 175 2709 casu,
188 2658 246 2698 non
259 2645 352 2707 metu,
364 2639 417 2698 sed
427 2637 625 2718 impediendae
642 2640 681 2698 rei
696 2641 785 2700 causta
796 2637 908 2708 abesse,
921 2641 951 2699 et
963 2657 1066 2699 consu-

90 2717 137 2778 les
149 2717 227 2796 ipsos
240 2715 447 2796 mugiversarh
469 2737 523 2778 nec
537 2715 625 2777 dubie
636 2715 762 2776 ludibrio
772 2717 838 2776 esse
847 2716 980 2776 miserias
990 2737 1067 2778 suas.
1095 2763 1098 2770 .

92 2797 159 2857 lam
174 2813 262 2875 prope
275 2791 400 2867 erat',''ut
412 2815 450 2856 ne
464 2797 616 2856 consulum
630 2791 750 2876 quidam
763 2795 903 2873 majestas
916 2801 1083 2860 coerceret,

92 2873 154 2936 iras
166 2873 331 2944 hominum;
351 2879 450 2954 qo'urn,
468 2874 586 2945 incerti,
604 2874 755 2943 morando,
773 2873 979 2945 ari'veniendo,
998 2875 1068 2956 plus

92 2953 215 3032 periculi
227 2953 442 3023 contraherent,
449 2954 569 3014 tandem
581 2955 613 3014 in
621 2963 757 3016 senatum
768 2951 911 3022 veniuntJ
932 2954 1069 3045 frequen·

92 3029 175 3107 tique
197 3031 317 3090 tandem
338 3031 504 3102 susianen
529 3033 617 3094 modd
635 3034 712 3094 inter
733 3031 849 3100 Patres,
870 3033 922 3090 sed
938 3053 975 3091 ne
988 3038 1068 3098 mter·

93 3108 230 3168 corisules
251 3110 369 3188 quidem
395 3111 483 3188 ipsos,
507 3113 579 3187 satis
601 3111 803 3174 conveniebat.
844 3111 968 3188 Appius,
982 3109 1067 3167 veae-

93 3186 201 3244 mentis
215 3186 324 3264 ingenii
340 3186 396 3257 vir,
416 3188 539 3256 imperio
553 3190 698 3248 corrsulari
720 3207 783 3248 rem
803 3189 946 3267 agendam
964 3195 1066 3246 cense-

92 3263 160 3322 bata
180 3283 240 3321 uno
253 3263 410 3328 autaltero
424 3273 550 3343 arrepto,
561 3267 712 3343 quieturos
720 3265 803 3324 alios.
843 3263 993 3330 Servilius,
1005 3262 1067 3322 lem

92 3340 157 3399 ibus
171 3335 308 3402 remediis
321 3341 425 3420 aptior,
438 3342 601 3404 concitatos
623 3343 735 3402 animos
749 3341 838 3410 flecti,
858 3362 896 3419 qu
906 3341 947 3401 lm
963 3340 1067 3420 frangi,

7 3453 8 3456 =
92 3419 215 3498 putabat
228 3438 317 3498 quum
332 3421 434 3488 tutius,
446 3427 509 3479 tum
525 3420 651 3490 facilius
663 3439 737 3482 esse.

20 3497 22 3539 ἑ
114 3497 243 3556 ·xx1v;
272 3498 354 3557 lnter
373 3497 553 3576 haeczmajor
572 3499 648 3559 alius
667 3505 770 3561 terror.
827 3497 929 3560 Latini
952 3498 1067 3580 equites

7 3641 8 3644 Ἴ
93 3591 161 3632 curn
174 3576 353 3634 tumultuoso
371 3577 512 3638 advolant
524 3579 652 3637 nuncios
674 3577 823 3639 “Volscos
837 3577 945 3638 infesto
959 3577 1069 3640 exerci-

92 3657 127 3712 tu
139 3652 178 3714 ad
192 3655 291 3715 urbem
305 3656 531 3737 oppugnandam
544 3657 644 3720 uenire
653 3665 680 3717 :”
697 3676 767 3737 quae
779 3657 880 3721 audita
894 3657 982 3740 (aded
994 3655 1067 3756 duaa
1081 3699 1084 3704 -

348 3806 356 3815 ι

360 3843 380 3861 'l
399 3845 401 3852 ¹
422 3849 429 3862 1
467 3847 470 3856 ¹
529 3827 552 3858 1³

340 3851 370 3890 fs
401 3863 422 3893 s·
437 3880 444 3892 u
458 3869 465 3884 ¹*
490 3861 501 3883 Ἰ,
516 3879 518 3886 ¹
535 3856 546 3884 ι’
