2372 4116
115 187 175 252 262
319 191 321 196 ’
384 261 390 265 ,
509 197 550 260 T.
569 196 683 260 LlVl'I.

114 351 193 436 quod
206 355 237 418 in
248 355 320 422 iuba
337 355 443 430 suerat,
463 355 641 418 frumentum
659 349 804 418 incendiis
824 355 905 416 urbis
918 350 1085 434 absumpse-

113 441 190 504 rant,
202 443 276 498 etex
286 437 365 518 agris
378 455 432 518 por
444 437 524 517 ipsos
534 435 599 494 dies
613 440 706 492 ratum
721 454 808 496 omns
819 433 911 514 Vejo's
925 443 998 504 erat,
1018 433 1085 512 ,lg-

113 511 321 592 ituqereroitu
338 514 442 584 diviso,
466 513 571 594 partim
585 529 637 592 per
650 513 790 572 finitimos
810 513 935 594 populos
956 509 1085 593 praedari

113 589 231 670 placuit,
245 593 352 672 partim
363 592 489 654 obsideri
502 600 621 662 arcem3
641 597 675 652 ut
689 590 888 652 obsidentibus
902 589 1086 668 frumentum

111 668 300 806 pppulatores
313 691 415 750 agrum
428 671 602 751 praeberent.
641 669 866 730 Proficiscentes
878 669 981 728 Gallos
992 673 1029 730 ab
1040 689 1089 727 ur·

161 746 199 806 ad
212 749 375 810 Romanam
385 747 593 829 experiendam
601 751 740 810 virtutem
751 746 868 808 fortuna
875 749 1087 826 ipsaArdeam,

112 823 161 883 ubi
176 824 320 888 Camillus
334 825 607 898 exsulabatdaxit:
628 827 679 918 qui
693 825 827 886 moestior
837 825 877 885 ibi
888 825 1003 884 fortuna
1013 825 1089 906 pub·

113 899 184 973 liet,
196 905 286 984 qutm
300 910 365 978 sut,
388 927 478 984 quum
495 905 557 965 Diis
570 904 790 982 hominibusque
814 903 988 964 accusandis
1001 922 1087 964 sene-

114 988 222 1056 sceret,
236 983 415 1062 indignando
423 983 612 1062 mirandoque
626 984 675 1044 ubi
686 984 730 1044 illi
743 983 801 1042 riri
809 989 918 1049 essent,
928 983 979 1060 qui
987 997 1089 1042 secum

115 1057 205 1159 Veqos
227 1061 414 1141 Faleriosque
431 1063 590 1142 cepissent,
610 1063 660 1142 qui
674 1063 732 1124 alia
745 1061 822 1121 bella
835 1059 942 1120 fortius
963 1080 1090 1140 semper,

115 1157 204 1217 quam
224 1139 350 1209 felieids,
369 1140 545 1219 gessissent3
565 1143 687 1218 repent&
700 1140 793 1208 audit,
811 1139 963 1198 Gallorum
978 1138 1092 1201 exerci-

114 1222 177 1274 tum
190 1218 360 1285 adventare,
380 1223 469 1294 atque
483 1217 521 1276 de
542 1235 577 1275 eo
598 1217 717 1294 pavidos
740 1215 885 1274 Ardeates
900 1218 1091 1286 consultaret

114 1311 171 1355 nec
184 1311 270 1354 secus
289 1293 379 1374 qualm
402 1291 502 1354 divino
523 1293 632 1373 spiratu
654 1299 761 1362 tactus,
783 1311 873 1371 quum
894 1314 926 1356 se
945 1295 975 1352 in
994 1295 1093 1354 medi·

114 1375 348 1508 aqqooueionsm
361 1369 521 1446 intulisset,
541 1373 687 1434 abstinere
703 1377 803 1430 suetus
816 1370 884 1430 ante
897 1371 1004 1432 talibus
1017 1391 1092 1432 oon·

115 1470 145 1512 or
158 1468 203 1510 us.
637 1472 641 1476 ·

156 1527 268 1592 XLIV.
287 1535 305 1563 ‘¹
317 1526 490 1597 Ardeates?
515 1527 621 1608 inquit,
645 1531 786 1587 “ueteres
807 1522 903 1598 amici,
918 1525 988 1588 novi
1001 1525 1092 1590 etiam

114 1607 197 1670 nives
211 1605 277 1676 mei,
289 1605 406 1684 quando
416 1612 447 1666 et
461 1612 589 1666 vestrum
602 1604 775 1666 beneficium
786 1603 829 1666 ita
839 1605 919 1678 tulit,
930 1611 962 1666 et
973 1601 1091 1668 fortuna

115 1685 170 1746 boc
184 1685 245 1766 egit
257 1703 334 1758 mea,
353 1703 440 1746 nemo
460 1689 593 1746 rasulam
614 1683 792 1744 conditionis
816 1701 891 1744 meae
906 1683 1028 1744 oblitum
1042 1704 1091 1748 me

115 1761 172 1825 lmc
184 1763 362 1842 processisse
384 1767 485 1844 putet:
514 1763 566 1826 sed
580 1781 628 1823 res
643 1781 678 1822 ao
699 1761 861 1840 periculum
875 1781 1029 1823 commune
1043 1782 1093 1823 oo·

113 1841 171 1924 git,
185 1841 263 1918 quod
304 1841 406 1918 uisque
430 1840 523 1920 possit
536 1842 566 1902 in
581 1861 612 1902 re
626 1838 741 1920 trepida
753 1839 897 1920 praesidii.
909 1841 941 1900 in
961 1841 1092 1910 medinm

113 1918 259 1984 aonlerre.
285 1861 464 1998 (litqusndo
477 1939 531 2012 ego
540 1917 622 1980 vobis
634 1938 688 1999 pro
700 1919 793 1978 tantis
807 1920 913 1980 vestris
928 1919 957 1978 in
971 1939 1018 1980 me
1031 1925 1093 1980 me·

115 1997 181 2060 ritis
191 1997 316 2078 gratiam
331 1995 504 2068 referamos
525 2017 605 2058 nune
625 1995 799 2058 cassavero?
818 2004 870 2056 aut
884 1995 932 2058 ubi
950 2017 1020 2058 usus
1033 1994 1093 2058 erit
1166 2059 1167 2062 ,

115 2075 174 2140 moi
193 2075 285 2146 nobis,
295 2074 321 2135 si
341 2074 372 2134 in
391 2075 468 2135 bello
482 2095 541 2140 non
555 2074 665 2136 fueriti
689 2075 752 2134 Hac
767 2081 829 2136 arte
844 2069 874 2134 in
889 2076 984 2156 patria
1005 2076 1091 2148 steti5

115 2161 156 2224 et,
167 2149 296 2214 invictus
308 2153 396 2226 bello,
406 2153 439 2214 in
452 2171 525 2234 pace
538 2155 574 2214 ab
587 2153 710 2234 ingratis
729 2153 841 2220 civibus
864 2154 966 2233 pulsus
977 2173 1092 2214 sum.-

115 2231 206 2294 Vobis
214 2229 330 2303 butem,
342 2232 496 2303 Ardeates,
509 2233 627 2310 fortuna
641 2232 738 2292 oblata
749 2238 805 2302 est,
813 2239 844 2293 ot
852 2253 905 2311 pro
917 2232 1008 2292 tantis
1018 2231 1093 2312 pris·

115 2311 186 2372 linis
201 2309 300 2390 populi
313 2310 438 2371 Romani
451 2311 613 2381 benefieiis,
632 2319 741 2389 quanta
754 2309 810 2390 ipsi
825 2310 1009 2380 meministis,
1023 2312 1093 2390 (aaa
1166 2383 1167 2390 ἵ

113 2387 193 2452 enim
208 2389 409 2466 exprobranda
422 2390 500 2468 apud
511 2409 655 2463 memores
668 2386 748 2465 sunt)
757 2388 860 2468 gratiae
872 2389 1051 2460 refersndae,
1061 2395 1093 2449 st

113 2467 181 2528 buio
195 2467 259 2526 urbi
273 2467 365 2527 docus
385 2467 489 2546 ingens
511 2467 581 2528 belli
594 2468 724 2532 ax'lroste
739 2467 886 2527 communi
906 2467 1094 2546 pariendi.-

113 2545 188 2618 Quse
200 2543 295 2606 ell'uso
312 2543 427 2620 agmine
441 2543 592 2610 adventat.
610 2564 683 2622 gens
697 2549 753 2612 est,
774 2544 821 2602 cui
846 2550 952 2604 natura
967 2563 1094 2622 corpora

111 2623 282 2694 animosque
296 2637 400 2697 inagna
420 2618 524 2708 magis,
537 2620 623 2694 qudm
637 2622 729 2686 firma,
743 2619 879 2688 dederit3
900 2619 981 2678 eoin
995 2629 1094 2682 certa·

111 2715 180 2762 men
194 2711 282 2756 omne
315 2695 361 2754 lus
375 2703 505 2764 terrama,
517 2695 605 2774 quatur
619 2696 734 2765 virium,
746 2693 855 2756 lerunt.
907 2701 1092 2778 Argumento

113 2776 154 2838 sit
167 2775 269 2836 'clades
279 2714 430 2846 libmana3
450 2779 601 2855 patentem
614 2793 719 2856 cepere
729 2775 831 2834 urbem
843 2797 850 2843 ;
872 2795 908 2836 ex
920 2797 989 2837 arce
1002 2777 1047 2838 Ca
1070 2779 1092 2838 i·

114 2853 244 2932 tolioqus
256 2852 302 2914 bis
316 2853 423 2934 exigna
437 2851 584 2915 resistitur
597 2873 698 2912 manu.
736 2853 801 2912 lam
820 2799 1091 2918 obsidionis‘taedio
1166 2893 1167 2938 1

110 2933 185 2994 victi
198 2932 372 3004 abscedunt,
394 2932 516 3014 vagique
539 2951 696 3012 peragras
720 2933 866 3010 potantur,
887 2933 951 2993 cibo
965 2935 1091 3014 vinoque

53 3055 57 3059 -
110 3011 219 3091 raptim
230 3009 337 3070 hausto
350 3012 465 3090 repleti.
507 3011 564 3072 Ubi
578 3031 636 3070 nox
649 3029 686 3090 ap
725 3009 772 3079 tit,
784 3029 875 3090 pmpe
888 3011 967 3073 rivos
987 3031 1090 3090 aquar-

112 3108 175 3161 um,
188 3088 252 3148 sine
273 3089 464 3159 munimento,
484 3090 548 3150 sine
568 3089 688 3156 stationi
709 3107 742 3148 us
756 3108 790 3148 ao
804 3087 958 3164 custodiis,
977 3087 1087 3170 passim

111 3168 240 3230 serarum
254 3165 311 3225 ritu
324 3173 505 3237 sternuntur,
518 3187 596 3230 nune
607 3169 643 3228 ab
654 3165 792 3228 secandis
803 3168 889 3228 rebus
898 3169 989 3248 magis
998 3169 1088 3230 etiam

113 3247 202 3309 solito
215 3243 335 3304 incauti.
394 3245 428 3304 Si
438 3245 522 3304 ¹uobis
536 3246 566 3304 in
580 3245 678 3306 animo
697 3251 743 3305 est
755 3245 832 3308 tueri
855 3247 962 3306 mmo-ia
980 3257 1089 3318 vestra,

113 3343 170 3384 nec
184 3320 246 3402 pati
257 3321 322 3382 haeo
335 3323 433 3383 omnia
443 3322 572 3382 Galliam
586 3321 658 3390 fieri,
671 3323 767 3403 prims
781 3324 882 3402 vigilia
895 3327 990 3402 capite
1003 3343 1089 3386 arma

112 3401 300 3477 frequentes:
322 3420 368 3462 ms
386 3399 540 3476 sequimini
550 3401 587 3460 ad
602 3402 726 3472 caedem,
739 3422 798 3462 non
811 3403 850 3464 ad
882 3419 1009 3482 uguam3
1030 3403 1090 3464 uisi

112 3477 230 3537 vinctos
243 3477 356 3548 somno,
368 3480 450 3540 velut
457 3477 597 3559 pecudes,
607 3479 797 3542 trucidandos
807 3423 965 3550 tradidero,
976 3501 1034 3544 non
1044 3503 1093 3543 re·v

112 3555 326 3694 {ngiqpudem
347 3545 457 3623 &deae
478 3577 578 3622 rerum
593 3556 724 3620 mearum
739 3556 861 3633 exitum,
878 3572 967 3640 quem
982 3559 1088 3628 Romae
