2388 4120
27 271 28 274 ,
108 203 168 269 m
511 199 551 264 T.
570 199 685 264 LlVll.

108 361 194 430 mitia
206 359 314 424 tributa
327 357 477 432 efficiunt:
499 379 548 422 res
561 361 656 452 major
667 359 793 421 victoria
806 355 937 444 suscepti
952 349 1093 424 certami-

109 439 165 514 nis,
175 439 324 578 patmum
336 460 345 511 ;
365 439 434 524 plus
444 437 524 499 enim
535 437 822 522 dignitatiscomltiis
831 439 906 522 ipsis
918 441 1090 502 detractum

109 527 164 590 est,
200 517 312 580 atribus
323 537 361 579 ex
374 517 500 579 concilio
514 515 731 589 submovendis,
743 517 835 598 qualm
847 518 956 580 virium
969 519 1094 604 autple·

106 596 137 658 bi
149 597 283 657 additum
297 601 346 657 eat
358 602 410 658 aut
421 595 576 676 demptum
589 595 735 658 Patribus.

145 673 228 736 LXJ.
248 674 464 740 Turbulentlor
482 674 554 736 inde
574 691 670 736 annus
693 676 821 770 excepit,
836 675 881 737 li.
900 673 1030 745 Valerio,
1049 673 1090 750 T,

105 751 232 818 AEmilio
245 751 506 825 consulmssem
520 759 641 846 propter
651 759 816 817 certamina
829 754 965 816 ordinum
973 753 1013 814 de
1021 753 1092 834 lege

106 851 124 892 a
177 831 230 904 ria,
248 838 311 893 turn
332 837 453 926 propter
469 831 615 913 judicium
637 831 694 911 Ap
707 831 843 906 Claudii3
864 833 923 903 cui.
944 830 1089 894 acerrimo

106 928 124 970 a
146 911 276 971 versario
287 910 372 991 le'grs,
389 931 570 990 causamque
588 927 791 990 possessorum
810 911 923 993 publici
938 910 1010 1004 agri,
1022 915 1092 970 tan·

105 1007 194 1068 quam
204 989 298 1051 tertio
310 989 435 1062 consuli,
448 989 618 1063 sustinenti,
632 987 676 1048 M.
688 989 807 1052 Duilius
819 996 850 1050 et
859 989 894 1049 C.
904 989 1033 1050 Sicrnms
1041 987 1089 1048 di·

108 1083 154 1128 em
168 1067 279 1130 dixer-e.
331 1065 493 1146 Nunquam
507 1067 577 1130 ante
589 1074 651 1129 tam
664 1067 777 1130 invisus
811 1068 869 1130 lebi
883 1087 950 1129 reus
960 1067 999 1127 ad
1007 1063 1088 1146 judi-

70 1149 74 1156 “
107 1145 186 1207 cium
199 1150 321 1208 vocatus
333 1147 435 1226 populi
448 1152 506 1222 est,
516 1147 622 1227 plenus
636 1165 764 1216 suarum,
776 1089 885 1228 pienua
896 1146 1087 1228 paternarum

106 1221 224 1286 irarum.
238 1223 342 1285 Patres
350 1245 466 1306 quoque
476 1245 535 1286 non
547 1223 791 1304 temerdproullo
801 1224 986 1363 aequdannisi
995 1227 1090 1296 sunt}

107 1308 353 1383 propugnatorem
380 1309 510 1374 senatus,
535 1305 758 1386 majestatisque
781 1305 832 1366 vin
855 1304 929 1365 icem
952 1321 1026 1372 suae,
1047 1301 1087 1364 ml

106 1397 209 1442 omnes
230 1379 403 1444 tribunicios
415 1381 586 1474 plebioaque
607 1383 773 1464 oppositum
794 1383 950 1451 tumultus,
963 1380 1084 1442 modum

107 1457 252 1520 duntaxat
264 1461 295 1522 iu
310 1466 470 1536 certamine
490 1481 652 1532 emersum,
669 1462 753 1523 iratae
769 1461 855 1543 objici
870 1443 1086 1543 plebt‘lliii

106 1535 282 1609 trucibus,
306 1539 372 1620 ipae
399 1542 456 1619 Ap.
480 1507 635 1611 Claudius,
647 1533 688 1600 et
707 1543 849 1614 tribunos,
870 1546 901 1602 et
913 1539 1087 1620 plebemat

106 1635 191 1690 auum
201 1617 346 1696 judicium
361 1637 414 1698 pro
427 1616 518 1678 nihilo
531 1617 663 1684 habebat.
703 1617 791 1681 Illum
806 1639 866 1681 non
879 1619 968 1679 minae
980 1616 1084 1698 plebis,
1184 1691 1186 1714 .

104 1713 165 1762 non
180 1695 302 1756 senatuis
320 1715 424 1777 preces
436 1697 602 1778 perpellere
622 1715 752 1775 unquam
766 1705 899 1780 potuere,
920 1715 979 1756 non
994 1694 1085 1758 modd

104 1778 140 1834 ut
151 1779 265 1836 uestem
279 1780 416 1845 mutaret,
429 1780 480 1855 aut.
492 1777 617 1856 supplex
630 1783 786 1857 prensaret
805 1777 956 1845 hominem
976 1774 1029 1836 sed
1043 1793 1082 1835 ne

104 1857 185 1912 utex
199 1860 340 1916 consueta
358 1853 479 1935 quidem
493 1873 525 1915 as
564 1855 652 1916 ritate
672 1855 811 1916 arationis
822 1856 928 1935 (quum
942 1853 980 1912 ad
991 1871 1084 1933 popa·

104 1929 168 1992 lum
234 1931 294 1993 ndo
308 1952 398 1994 causa
410 1931 502 2010 esset)
515 1873 626 2012 aliquid
650 1933 756 1992 leniret
778 1940 868 2012 atque
888 1931 1099 2006 subndtteret'

104 2007 188 2070 ldem
223 2011 319 2075 abitus
332 2011 400 2082 oris,
413 2011 515 2072 eadem
531 2011 717 2072 contumacia
729 2011 760 2071 in
773 2013 868 2082 uultu,
880 2009 959 2070 idem
973 2007 1003 2067 in
1018 2013 1092 2070 ona-¹
1185 2041 1186 2044 ¹

103 2085 188 2158 tione
197 2087 317 2168 spiritus
331 2094 414 2152 erate
435 2081 558 2154 edetur
570 2108 675 2172 magna
687 2109 757 2168 para
769 2089 863 2170 plebis
877 2090 904 2149 A
926 2087 1006 2168 pium
1020 2105 1083 2149 nou

27 2179 30 2185 ·
104 2164 205 2226 mimis
218 2187 299 2233 reum
314 2167 442 2238 timeret,
454 2167 543 2247 qulrn
553 2171 704 2230 consulem
715 2167 864 2229 timuerat.
903 2108 1000 2228 ieme]
1013 2185 1084 2226 cau·

105 2263 168 2305 eam
182 2245 268 2320 dixit,
282 2265 340 2326 quo
354 2265 470 2328 semper
483 2267 569 2330 agere
582 2249 680 2309 omnia
694 2245 799 2308 solitus
812 2253 885 2318 erat,
897 2244 1082 2309 accusatorio

102 2323 209 2482 ppiritu
218 2346 228 2397 3
248 2323 382 2404 adedque
396 2327 563 2388 coustantit
578 2332 633 2389 sub
651 2335 683 2388 ct
695 2326 827 2388 tribunos
840 2323 1036 2461 obstupefecit
1046 2329 1083 2384 et
1181 2375 1182 2400 ἶ

136 2404 229 2474 eben,
238 2411 273 2464 ut
285 2403 364 2481 diem
373 2404 428 2483 ipsi
440 2411 494 2464 sua
503 2407 656 2467 voluntate.
668 2405 861 2486 podicerent3
880 2410 926 2462 tra
947 2403 956 2461 i
970 2402 1085 2468 deinde,

102 2501 164 2542 rem
180 2482 321 2541 sinerent.
360 2483 447 2540 Haud
459 2483 502 2541 ita
511 2487 635 2544 multum
648 2483 765 2551 interim
780 2488 921 2560 temporis
945 2481 1004 2542 uit:
1028 2498 1081 2538 an·

1182 647 1186 708 l

1176 1111 1186 1236 l

101 2558 134 2618 te
146 2564 255 2627 tamen,
268 2558 356 2635 quim
370 2557 505 2636 prodicta
518 2559 583 2620 dies
596 2560 719 2627 veniret,
730 2560 829 2618 morbo
842 2557 979 2616 moritura
992 2558 1079 2634 cujus
1179 2577 1180 2586 ¹

100 2651 192 2775 puum
207 2635 404 2694 laudationem
416 2633 524 2695 tribuni
536 2637 630 2715 plebis
641 2634 783 2714 impedire
797 2641 984 2703 conarentur,
993 2633 1080 2704 plebs
1177 2641 1179 2716 j

116 2713 229 2773 raudari
245 2712 358 2774 solenni
379 2711 487 2773 honore
502 2733 667 2796 supremum
690 2713 767 2774 diem
789 2712 866 2772 tanti
891 2713 949 2778 uiri
962 2712 1079 2774 noluita

103 2797 135 2857 et
147 2791 346 2852 laudationem
359 2797 419 2852 tam
436 2792 529 2870 aequis
540 2793 658 2854 auribus
670 2791 908 2860 murtuiaudivit.
918 2793 1005 2870 quani
1018 2790 1080 2852 vivi
1176 2777 1177 2826 l

101 2870 318 2932 accusationem
334 2869 486 2932 audierat:
508 2875 538 2931 et
551 2873 706 2952 exsequias
717 2869 857 2950 frequens
870 2871 1039 2932 celebravit.

142 2948 241 3010 LXII.
260 2949 372 3011 Eodem
397 2969 476 3012 anno
498 2951 635 3011 Valerius
662 2950 777 3022 consul,
801 2969 868 3010 cum
889 2949 1020 3010 exercitu
1045 2948 1078 3010 in

101 3027 221 3106 AEquos
235 3027 396 3108 profectus,
410 3029 622 3108 quumhostem
631 3029 667 3090 ad
677 3025 818 3112 irroelium
827 3027 935 3090 elicere
944 3045 1079 3107 nonpos·
1173 3069 1174 3125 q

101 3112 158 3175 set,
172 3113 270 3166 castra
282 3125 450 3188 oppugnare
462 3117 510 3168 est
523 3109 653 3169 adortus.
692 3107 843 3174 Prohibuit
856 3107 937 3166 toeda
949 3113 1078 3180 tempea-

101 3190 158 3256 tus,
171 3203 237 3244 cum
249 3185 394 3262 grandine
405 3204 440 3242 ac
451 3187 609 3244 tonitribus
623 3187 700 3246 eaelo
713 3188 838 3261 deiecta.
878 3182 1078 3244 Admiration-

102 3283 149 3324 em
163 3261 272 3324 deinde
283 3263 375 3332 auxit,
387 3261 470 3398 sipno
483 3263 616 3340 receptui
630 3263 711 3335 dato,
724 3251 798 3324 odeo
811 3262 1078 3336 tranquillaseren.

101 3340 159 3403 itas
172 3339 305 3404 redditae
325 3346 369 3411 ut,
381 3360 416 3399 ve
429 3341 463 3398 ut
475 3339 594 3399 numine
610 3340 708 3416 aliquo
720 3342 843 3401 ‹letenaa
856 3349 950 3398 castra
967 3359 1077 3420 oppng.
1143 3401 1146 3406 .
1161 3330 1165 3345 '

100 3439 172 3482 nare
186 3421 304 3491 iterum,
314 3417 418 3499 religio
430 3415 539 3479 faerit:
560 3418 654 3478 omnis
669 3419 712 3478 ira
725 3419 841 3477 belliani
855 3417 1076 3496 popularitatem
1167 3449 1170 3498 q

100 3499 164 3582 ugni
177 3499 277 3560 vertit.
305 3498 393 3560 Alter
402 3498 505 3558 consul
520 3497 702 3558 AEmiliueiri
717 3496 831 3556 Sabinis
844 3496 952 3556 bellum
965 3497 1075 3578 gessitz
1167 3511 1169 3518 ⁹

102 3583 134 3638 et
143 3577 193 3649 ibi,
206 3577 275 3658 quia
287 3575 380 3638 hostis
393 3576 541 3637 moenibus
554 3594 586 3635 se
600 3573 842 3665 tenebat,uaatati
855 3575 916 3667 agri
928 3582 1007 3636 sunt.
1027 3575 1076 3666 Ip-

101 3655 216 3722 acautis
228 3655 346 3730 deinde,
357 3673 418 3722 nun
430 3655 567 3719 villarum
580 3653 678 3725 modo,
686 3653 740 3718 sed
752 3659 841 3718 etum
855 3673 999 3732 vicanum,
1011 3669 1075 3736 qun
