2394 4138
85 205 124 264 44
487 195 524 256 Τ.
544 195 659 258 LIVII.
782 192 786 200 ’

84 357 195 425 ΜΡ
213 355 739 435 tantoqoeconsensu,qoanto.houd
772 353 908 436 uisquam
920 357 1061 422 alinsan·

85 435 126 506 ts,
138 457 191 497 rex
213 433 447 498 estdeclaratus.
484 434 593 514 Neque
613 451 716 495 cares
739 489 744 498 .
769 436 904 515 arquinio
916 457 996 518 spem
1014 439 1058 500 al·

85 509 216 576 sectandi
236 511 318 593 regni
341 511 468 583 minuit;
487 511 578 574 immd
598 512 635 574 ed
656 511 921 594 impensiospuia
937 515 976 576 de
988 535 1061 597 agro

106 589 178 682 lebis
191 589 317 652 adverso
337 589 459 666 Patrum
478 589 633 688 ¹voluptate
646 597 790 683 'senserat
816 670 822 683 ¹
845 638 864 684 ἱ,
885 593 1063 686 criminandi

82 667 1060 827 ..tltillttttttttltbltbtt..tibist

81 823 185 885 Tollit
198 823 362 916 inquietum
384 824 513 886 animum
528 827 709 888 stimulante.
748 825 833 886 Tulit
855 825 934 893 enim
954 834 986 888 et
999 827 1060 887 Ro-

81 911 170 964 mats
187 921 269 983 regie
281 901 404 965 sceleris
416 904 522 984 tragici
539 903 716 986 exemplum,
728 907 761 964 nt
781 904 871 966 taedio
883 923 984 985 regium
999 924 1062 966 ma·

82 973 176 1042 turior
186 980 301 1045 reniret
313 981 433 1044 libertas
444 1001 454 1060 p
465 982 659 1062 ultimumque
673 1001 795 1063 regnum
805 989 895 1054 esset,
904 983 982 1062 qnod
994 1003 1059 1046 sce-

81 1058 144 1120 lere
179 1058 370 1121 artumsoret.
409 1057 468 1120 llic
480 1061 517 1120 L.
529 1061 710 1140 Tarquinius
731 1061 837 1142 (Prisci
848 1059 1060 1140 Tarquiniire·

40 1191 45 1198 .
80 1137 127 1220 gis
140 1079 219 1200 tilius
232 1157 362 1218 neposne
376 1135 475 1226 irrepit,
495 1158 597 1216 parum
611 1139 633 1198 li
654 1144 721 1208 uet;
734 1139 865 1218 pluribus
878 1144 977 1200 brnen
990 1135 1059 1200 auc'·

82 1215 194 1278 toribus
218 1214 312 1276 lilium
325 1211 480 1290 ediderim)
501 1215 642 1298 fratrem*
666 1217 786 1278 abuerat
811 1221 958 1280 Aruntern
984 1217 1059 1278 Tar·

82 1292 227 1372 quinium,
247 1291 327 1354 mitis
350 1289 381 1350 in
440 1291 458 1304 ‘'
468 1293 619 1370 juvenem.
643 1293 716 1368 'llis
728 1293 850 1366 duobus,
862 1301 897 1355 ut
913 1300 982 1356 ante
995 1295 1058 1356 dic·

81 1376 146 1432 tuns
158 1376 214 1442 est,
226 1369 295 1430 duab
316 1309 535 1462 Tulliellregis
547 1371 630 1441 filiae,
649 1379 820 1451 nupserant,
832 1379 864 1434 et
883 1373 957 1464 ipaae
971 1372 1060 1454 longe

82 1447 216 1531 dispares
229 1448 365 1510 moribus.
404 1447 492 1509 Forte
505 1459 548 1510 rta
569 1449 726 1522 inciderat,
745 1469 784 1512 ne
801 1451 861 1512 duo
872 1452 1003 1513 violenta
1014 1451 1058 1512 in·

81 1527 170 1609 genia
181 1527 367 1588 matrimonio
382 1527 587 1605 jungerentur,
608 1528 736 1598 fortuni,
758 1529 858 1600 oredo,
879 1531 984 1622 populi
1000 1529 1058 1590 llo'-

82 1606 162 1667 mani
175 1604 235 1685 qud
247 1604 413 1668 diuturnius
428 1603 523 1664 Servii
542 1625 664 1688 regnum
678 1611 768 1676 esset,
787 1607 926 1668 constitui
948 1629 986 1670 ue
999 1607 1059 1668 civ.

82 1683 164 1744 itatis
177 1703 272 1744 morea
290 1688 419 1764 possent.
459 1683 508 1744 An
545 1685 631 1744 batur
654 1683 736 1744 ferox
758 1629 955 1756 tnlrmnihll
967 1691 1059 1748 mate·

81 1761 137 1823 riae
151 1760 182 1824 in
195 1759 258 1822 viro
271 1759 418 1841 nequead
432 1761 501 1842 cupi
522 1761 634 1833 itatem,
647 1782 744 1842 neque
757 1763 796 1824 nd
809 1764 961 1826 audaciam
973 1767 1062 1836 esset

81 1845 147 1902 tota
159 1839 191 1900 in
204 1840 328 1923 alterum
342 1859 428 1902 versa
440 1839 648 1920 Tarquinium,
658 1859 725 1902 eum
746 1842 855 1911 mirari,
874 1861 942 1902 eum
962 1842 1058 1903 virum

82 1918 192 1989 dicere,
201 1938 236 1978 ac
247 1918 326 1999 regio
337 1916 478 1998 sanguine
492 1925 588 1978 ortum
600 1940 610 1989 ς
629 1938 768 1998 spernere
779 1937 918 1992 sororem,
925 1919 1004 2000 qnod
1014 1919 1057 1978 vi·

81 2017 147 2058 rum
166 2002 254 2056 nacte
266 1996 400 2056 muliebri
424 2001 555 2056 cessaret
574 1996 707 2056 audacis.
747 1994 903 2056 Contrahit
920 1995 1058 2076 celepiter

82 2072 243 2136 similitudo
256 2091 317 2144 eos,
330 2077 364 2131 ut
385 2070 446 2132 iere
459 2072 493 2132 lit
505 2072 614 2132 molum
629 2073 705 2134 malo
718 2071 903 2154 aptissimum
914 2094 923 2144 ;
936 2074 993 2134 sed
1003 2073 1059 2134 ini-

76 2152 156 2214 tium
169 2148 307 2210 turbandi
319 2149 417 2229 omnia
431 2147 449 2207 d
471 2147 582 2217 semina
594 2155 690 2212 ortum
703 2159 760 2212 est.
797 2151 853 2224 Ea,
865 2152 988 2214 secretis
1001 2151 1058 2213 viri
1083 2221 1088 2229 ᾗ

11 2244 15 2248 ·
82 2229 171 2291 alieni
184 2225 350 2320 assuefacta
370 2226 560 2300 sermonibus,
582 2229 673 2290 nullis
693 2231 846 2322 verborum
871 2230 1059 2292 contumeliis

81 2305 1059 2456 tttttoltllllltbbltittffflbmotttttt

81 2465 171 2545 quim
185 2484 252 2524 cum
265 2463 369 2542 impari
382 2465 477 2544 jungi,
489 2472 524 2522 ut
540 2456 807 2543 elanguescendum
827 2464 926 2524 alient
939 2463 1058 2543 ignavia

83 2549 171 2604 esset.
211 2541 242 2598 Si
256 2541 310 2600 sibi
334 2559 411 2610 eum,
422 2561 481 2618 quo
501 2540 590 2619 digna
611 2545 699 2608 esset,
717 2538 767 2598 Dii
786 2537 941 2605 dedissent
952 2541 1057 2612 virum,

82 2620 161 2680 domi
175 2639 206 2678 se
230 2616 400 2697 propediem
414 2621 541 2676 visuram
555 2635 676 2696 regnum
697 2615 800 2686 luisse,
815 2615 895 2694 quod
913 2618 992 2697 apud
1005 2638 1026 2756 p

80 2703 158 2759 trem
171 2696 289 2764 videat3
309 2692 445 2754 celeriter
457 2692 677 2754 adolescentem
687 2713 750 2754 suae
758 2693 934 2755 temeritatis
943 2694 1005 2777 imp
1017 2703 1058 2758 ct.

82 2779 184 2837 Aruns
197 2773 259 2832 Tar
280 2769 377 2831 uinius
391 2776 422 2832 et
434 2769 537 2832 Tullia
549 2770 652 2840 minor,
662 2791 753 2853 prope
767 2772 945 2836 continuatis
958 2772 1057 2838 luner-

81 2855 146 2916 ibus
156 2872 246 2933 quum
259 2792 362 2910 lomes
372 2869 480 2910 vacuas
490 2869 567 2910 novo
579 2849 764 2912 matrimonio
774 2849 1058 2935 secissentjungun·

81 2939 131 2994 tur
144 2931 263 3008 nuptiis,
275 2928 367 3010 magis
381 2947 440 2988 non
454 2927 624 3008 prohibente
637 2927 752 3019 Servio,
767 2935 855 3021 quam
868 2932 1057 3011 approbante.

87 3059 90 3066 ⁴
121 3009 249 3070 XLVII.
269 3007 348 3068 Tum
361 3005 432 3068 verb
443 3006 475 3086 in
488 3005 552 3067 dies
562 3005 697 3068 infestior
706 3007 802 3070 Tullii
809 3015 957 3078 senectus,
966 3008 1056 3070 infes-

81 3089 141 3151 tius
155 3087 249 3224 coepit
261 3105 382 3167 regnum
393 3105 478 3157 esse;
492 3087 555 3164 jam
565 3085 644 3148 enirn
658 3087 694 3147 ab
707 3086 819 3148 scelere
832 3086 958 3148 adalind
972 3105 1056 3166 spec·

81 3177 146 3228 tare
159 3181 206 3226 mu
221 3165 264 3226 ier
277 3165 391 3232 eoelum
410 3183 466 3224 nec
488 3169 584 3232 nocte,
604 3183 660 3224 nec
679 3165 809 3225 interdiu
827 3165 923 3226 virum
935 3183 990 3225 con
1012 3164 1055 3223 ui-

83 3264 183 3306 escere
216 3241 269 3312 ati,
284 3259 322 3324 pe
335 3241 464 3332 gratuita
496 3240 628 3302 raeteritb
640 3241 798 3319 parricidia
810 3249 918 3304 essent.
956 3250 973 3276 ‘¹
1015 3258 1054 3302 on

82 3322 136 3384 sibi
150 3263 290 3396 delrluisse
303 3338 350 3384 cui
369 3323 461 3398 nupta
473 3260 629 3386 liceretur,
641 3337 697 3378 nec
709 3339 776 3378 cum
796 3318 953 3398 quotacita
966 3318 1055 3378 servi·
1153 3333 1159 3342 “

82 3407 146 3471 sets
166 3397 304 3466 defuisse,
317 3395 368 3476 qui
389 3416 420 3456 se
433 3413 523 3476 regno
548 3393 667 3474 dignum
682 3399 817 3476 putaret}
836 3397 886 3475 qui
906 3395 1056 3457 meminis.

83 3486 129 3540 set
142 3497 174 3538 se
188 3496 252 3538 esse
272 3474 377 3536 Prisci.
388 3474 450 3536 Tar
471 3471 544 3534 ninii
560 3471 673 3544 tiliom;
693 3475 743 3550 qui
757 3473 870 3544 habere,
888 3473 977 3554 quim
991 3495 1055 3556 spe·

78 3576 156 3630 ,rare
170 3573 289 3634 regnum
305 3552 415 3616 mallet.
451 3494 571 3618 {iteris
585 3571 627 3624 es,
640 3554 686 3612 cui
708 3556 830 3632 nuptam
843 3571 907 3614 esse
921 3574 968 3615 me
982 3553 1056 3614 arbl-

82 3641 153 3708 tror,
166 3637 197 3698 et
210 3632 304 3694 uirum
317 3639 348 3694 et
361 3651 459 3716 regern
472 3627 611 3719 appelles·
625 3630 671 3694 sin
690 3629 799 3704 minius,
818 3630 856 3696 eb
876 3637 955 3696 nunc
968 3631 1054 3716 pejus
