2394 4138
513 121 690 228 tranet<
1057 105 1113 210 st

117 298 299 366 taunuco
316 281 364 374 ils,
376 291 505 438 datoque
523 302 617 380 spatio
636 295 852 380 Romanissud'
867 302 1097 384 comparandum

119 377 159 438 de
173 379 289 459 integro
339 380 421 454 llum,
472 379 631 460 erquinius,
640 379 770 458 equitem
781 378 905 438 maxime
917 381 979 456 suis
991 380 1097 454 ,deesse

116 457 236 519 viribus
244 467 337 532 ratus,
350 459 387 519 ad
399 459 539 526 Ramnes,
553 443 719 527 Tutienses,
728 457 868 528 Luceres,
880 477 954 538 quas
970 459 1101 522 centuri·

114 553 153 596 as
166 537 313 597 Romulus
322 537 491 616 scripserat,
504 534 613 596 addere
627 535 698 598 alius
709 535 871 608 constituit,
883 555 994 616 suoque
1007 535 1099 617 insig-

115 632 175 674 nes
188 615 355 695 relinquere
369 615 496 674 nomine.
538 611 574 676 ld
585 611 655 749 quia
674 613 846 694 inaugurati)
860 614 1003 674 Romulus
1017 613 1102 676 sece-¹

115 700 177 764 rat,
187 713 293 776 negare
306 693 399 754 Attus
413 691 538 761 Navius,
549 691 598 752 ine
610 699 680 772 ytus
694 695 730 750 et
742 698 918 773 tempestate
933 713 1033 774 augur,
1043 712 1097 754 ne-

116 789 180 850 que
194 771 309 846 mutari,
329 791 426 850 neque
439 790 548 830 novum
575 769 723 839 constitui,
736 769 792 833 nisi
815 790 885 834 aves
900 767 1096 842 ¹addixissent

116 863 217 928 posse.
256 849 302 908 Ex
315 869 351 909 eo
363 849 407 908 ira
419 848 481 926 regi
503 853 592 918 mota,
611 847 793 926 eludensque
813 853 915 920 artem,
940 858 974 907 ut
986 845 1095 922 lerunt,

116 928 310 1008 &Agednmss’
321 927 427 1004 iuquit,
445 925 570 987 “divine
584 931 626 994 tn,
637 925 787 1016 inaugura,
797 924 898 985 fierine
906 925 1005 1004 possit,
1015 925 1097 1006 quod

115 1023 203 1064 nunc
224 1024 279 1084 ego
291 1010 390 1064 mente
408 1003 567 1084 concipio.''
605 1003 701 1076 Quum
715 1003 776 1073 nte,
795 1005 827 1062 in
839 1003 960 1084 augurio
973 1023 1033 1064 rem
1046 1024 1096 1066 ex·

115 1091 235 1162 pentae,
245 1081 378 1162 pmfectd
391 1079 517 1142 futuram
536 1074 685 1143 dixisset..
706 1080 826 1160 “Atqui
844 1080 899 1141 hnc
921 1080 1025 1151 animo,
1038 1081 1097 1162 agi·

110 1159 214 1228 ravin
233 1159 337 1238 inquit,
351 1168 408 1220 “te
422 1160 565 1220 novaculis
586 1168 681 1218 cotem
703 1157 915 1227 discissarum
936 1178 1008 1240 cape
1021 1160 1096 1232 hrec,

115 1243 152 1298 et
165 1256 270 1317 perege
284 1237 444 1316 quoduves
458 1243 517 1296 tuae
527 1235 686 1316 lieripnsse
696 1235 903 1314 portendunu’
923 1235 1000 1300 Tum
1009 1236 1095 1298 illum

108 1313 196 1390 -lraud
210 1319 388 1390 cunetrmter
403 1313 558 1376 discidisse
582 1320 678 1374 cotem
699 1313 806 1373 ferunt
847 1313 952 1374 Statua
965 1318 1030 1375 Atti
1046 1335 1095 1375 ca-

117 1392 181 1484 pite
191 1393 301 1463 velato,
313 1413 371 1472 qnn
390 1393 558 1460 inlusores
571 1397 639 1458 acta
652 1397 708 1464 e'st,
717 1391 752 1474 ¹in
773 1391 899 1462 eouddo,
913 1392 944 1450 in
956 1393 1095 1472 gradibus

116 1469 191 1549 ipsis
210 1472 248 1531 ad
262 1471 358 1532 levam
372 1471 461 1543 curiae
474 1471 551 1542 fuit;
568 1471 668 1530 'cotem
682 1481 798 1549 quoqne
813 1469 916 1529 endem
928 1469 993 1528 luco
1007 1471 1095 1532 sitam

114 1549 208 1610 fnisse
219 1551 390 1620 memorant,
404 1555 437 1608 ut
455 1553 535 1610 esset
547 1547 585 1626 ad
605 1551 739 1626 posteros
753 1547 886 1608 miraculi
907 1548 970 1628 ejus
992 1561 1095 1609 monu-

114 1629 258 1688 mentum.
301 1627 438 1708 Auguriis
452 1627 532 1688 certe
546 1625 769 1705 sacerdotioque
780 1646 921 1706 augurum
932 1631 1032 1686 tantus
1044 1627 1094 1686 ho·

110 1723 172 1786 ¹13th
183 1704 322 1775 accessit,
332 1713 366 1774 ut
379 1705 450 1778 nillil
462 1707 531 1767 belli
543 1703 679 1782 domique
692 1709 805 1784 postea,
815 1703 872 1763 nisi
886 1703 1094 1784 auspicetdge-

115 1787 251 1862 reretur3
270 1783 396 1843 concilia
409 1783 519 1864 populi,
530 1775 678 1842 exercitlls
691 1781 797 1850 vocati,
807 1797 919 1848 summa
929 1800 1036 1852 rerum,
1045 1783 1096 1843 nbi

114 1880 185 1932 qves
200 1879 259 1922 non
272 1860 472 1929 admisissent,
483 1859 700 1923 dirimerentur.
739 1859 846 1936 Neque
860 1863 922 1917 tum
936 1857 1094 1938 Tarquini·

110 1958 153 1998 us
166 1939 203 1998 de
217 1934 670 2018 equitumeentnriisquicq-uurn
682 1935 805 1995 mutavit
813 1957 822 2008 3
835 1955 956 1998 numero
966 1937 1093 2000 alterum

115 2022 233 2076 tuntum
246 2017 364 2096 adjecit,
374 2025 408 2076 ut
421 2016 546 2078 milletet
559 2013 721 2094 octingenti
735 2013 848 2092 equites
862 2013 893 2074 in
915 2016 1007 2075 tribus
1024 2037 1093 2086 cens

108 2093 204 2154 'tnriis
215 2099 324 2155 essent
362 2091 544 2170 Posteriores
555 2091 645 2158 mndd
665 2093 718 2151 sub
729 2091 832 2151 iisdem
855 2091 1027 2164 nominibus,
1040 2097 1093 2174 qni

113 2171 214 2232 additi
237 2178 332 2242 erant,
356 2171 497 2252 appellati
522 2179 609 2244 sunu
639 2189 712 2250 quas
734 2185 824 2242 nuuc,
844 2170 913 2254 quia
931 2171 1092 2250 geminatae

118 2253 202 2317 sunt,
215 2268 267 2308 sex
278 2260 389 2309 vocant
401 2251 557 2312 centurias.
687 2304 689 2311 ι
755 2298 762 2312 t

97 2354 143 2437 γ
160 2325 317 2386 XXXVll.
347 2327 414 2386 Hac
426 2333 509 2406 parte
522 2321 669 2406 cnqiiarum
682 2330 781 2404 aucte,
799 2325 906 2386 iterum
930 2345 998 2386 cum
1012 2327 1093 2390 Sabi-

112 2403 166 2465 nis
177 2403 353 2484 cnnfligitnr.
392 2405 450 2464 Sed
459 2405 754 2486 rpraeterqnam‘qudd
766 2403 874 2464 viribus
888 2413 1021 2466 creverat
1035 2407 1092 2467 llo·

118 2502 223 2544 manns
236 2482 392 2554 exercitus,
404 2503 441 2543 ex
450 2471 567 2544 occulto
579 2483 667 2546 etiam
681 2484 800 2550 additur
811 2483 907 2554 dolce,
920 2484 1025 2544 missis.
1040 2486 1093 2564 qui

117 2579 147 2619 m
186 2579 251 2620 nam
266 2560 326 2620 vina
334 2560 497 2642 lignorum,
512 2563 540 2622 in
557 2562 680 2622 Anienis
693 2562 757 2642 ripa
765 2563 925 2641 jacentem,
937 2563 1091 2624 ardentem

110 2637 149 2698 ‚in
183 2658 269 2698 umen
288 2639 487 2718 conjicerenta
507 2645 654 2719 ventoque
674 2641 793 2720 juvante
813 2659 938 2699 accense
959 2640 1047 2722 ligna,
1060 2649 1093 2704 et

119 2716 268 2796 pleraque,
278 2716 440 2789 int-ratinus
453 2719 590 2799 impacta,
603 2705 722 2778 sublicis
742 2737 831 2796 quum
853 2719 1007 2788 haererent,
1021 2739 1092 2798 pon-

118 2801 179 2854 tem
191 2793 364 2862 incendnnt.
400 2795 446 2858 Ea
458 2813 575 2878 quoque
598 2817 645 2856 res
666 2795 697 2856 iu
715 2815 817 2890 pugna
833 2801 976 2854 terrorem
989 2798 1102 2858 attulit‘

116 2870 237 2932 ,Sabinis
245 2891 254 2941 ;
275 2871 373 2934 effusis
386 2875 489 2934 eedem
503 2875 601 2966 sugam
614 2873 766 2966 impednt3
786 2871 930 2950 multique
944 2874 1093 2946 mortsles,
1174 2905 1175 2914 κ

32 2965 37 2976 .
119 2968 209 3088 quum
221 2949 334 3012 hostem
347 2951 527 3034 effugissent,
546 2973 576 3014 ιη
592 2954 711 3018 flumme
731 2951 795 3042 ipso
814 2947 949 3032 periere3
967 2971 1093 3052 quorum

140 3027 264 3088 nitentia
275 3047 358 3089 arura
370 3029 413 3090 ad
421 3031 521 3090 urbem
535 3029 653 3111 cognita
665 3029 697 3102 in
708 3027 819 3098 Trberi,
827 3027 909 3108 prius
917 3048 992 3109 pene
1000 3031 1092 3109 quim

117 3103 253 3167 'nuntiari
262 3109 375 3184 posset,
383 3106 527 3198 insignem
540 3107 693 3181 victorium
705 3105 811 3168 fecere.
849 3105 894 3167 uo
902 3109 1007 3186 proelin
1016 3129 1094 3190 prae·

120 3181 204 3263 cipua
227 3183 360 3262 equitum
382 3184 481 3266 gloria
496 3187 570 3258 fuit;
597 3185 736 3266 utrinqne
759 3185 795 3246 ab
816 3184 950 3247 cornibus
971 3188 1094 3268 positos,

119 3281 207 3352 quum
215 3261 279 3398 {em
291 3261 450 3340 pelleretur
463 3264 559 3326 media
572 3265 706 3346 peditum
716 3283 834 3324 sucrum
845 3263 934 3336 acies,
943 3266 985 3325 ita
996 3265 1094 3325 incur·

119 3355 190 3400 nsse
204 3359 222 3398 a
261 3339 402 3402 lateribus
422 3341 530 3414 ferunt,
542 3351 576 3404 ut
589 3363 648 3404 non
662 3343 802 3402 sisterent
815 3339 903 3410 mode
917 3341 1038 3404 Sabinas
1052 3343 1095 3405 le·

118 3417 229 3500 mones,
240 3413 379 3480 ferociter
396 3419 544 3498 instantes
566 3419 746 3488 cedentibus,
760 3419 813 3478 sed
834 3418 930 3479 subiti)
951 3417 981 3479 in
996 3418 1097 3500 lugam

119 3500 291 3556 averterent
333 3495 455 3559 Montes
469 3497 564 3568 effuso
577 3517 663 3576 eursu
690 3495 790 3556 Sabini
810 3499 957 3577 petebant,
977 3500 1008 3559 et
1027 3511 1100 3588 puu³

119 3572 297 3648 ,citeuuere3
316 3567 670 3659 merimannusut‘nnte
691 3575 806 3666 dictum
823 3579 881 3652 eet,
901 3577 937 3658 qb
950 3573 1107 3651 equitibus

783 3893 799 3922 (
