2394 4138
480 185 610 252 ulnus
629 181 674 250 ΙΙ.Ι
1025 199 1064 258 59

18 352 27 462 f·
104 349 168 412 π.
187 347 419 412 mmm-‘aenda
432 347 599 408 divinarum
612 297 708 410 nani
722 365 810 422 eura,
831 349 954 430 aquo
975 370 1058 490 ἷκε.

91 429 157 490 dem
165 431 286 510 publiea
299 447 383 490 sacro
394 447 449 508 per
461 427 541 506 ipsos
554 445 639 507 reges
651 425 787 496 factitans
800 435 896 498 erant,
909 437 948 490 ue
963 449 981 488 ιι
1001 431 1061 492 iubi

89 524 190 588 regum
204 507 384 570 desiderium
398 512 594 586 essetregem
610 499 929 568 sacrificulumcreant.
969 509 1004 568 ld
1017 503 1092 584 ssi-*s
1130 540 1133 549 ·

88 586 253 648 cerdotium
266 584 401 668 pontifici
415 587 578 666 subjecere,
595 601 632 644 ne
646 584 767 646 additus
780 585 891 647 nomini
903 587 996 647 honos
1009 589 1063 650 ali-

88 665 161 746 quid
175 667 321 738 libertati,
329 669 414 745 cujus
427 671 498 724 tunc
511 663 608 742 prima
618 669 685 722 erat
698 681 778 738 cura,
797 666 944 738 alliceret3
964 687 999 726 ac
1013 687 1065 726 ue-

89 745 163 819 scio,
176 763 224 816 an,
236 745 324 806 nimis
338 743 469 824 undique
480 745 546 803 eom
561 741 689 802 minimis
703 761 742 822 qu
781 763 818 804 ue
832 744 918 804 rebus
931 746 1065 806 munien-

18 865 20 878 ,
89 824 140 898 do,
152 826 275 884 modum
283 825 475 884 excesserint.
513 818 652 881 Consulis
662 821 739 882 enim
751 841 769 880 a
781 821 881 892 terius,
891 838 981 900 quum
992 823 1065 884 nihil

89 905 173 966 aliud
195 903 362 970 offenderit,
382 919 489 978 nomen
510 899 638 960 invisum
659 898 773 958 civitati
792 897 857 958 suit.
905 902 1066 962 “Nimium

89 982 273 1062 Tarquinios
286 999 378 1060 regno
390 985 544 1049 essutsser
564 977 682 1037 initium
693 976 952 1038 dPriscolactum.
991 983 1067 1060 Reg-

87 1059 308 1120 nassedeinde
319 1057 452 1118 Servium
467 1057 619 1128 Tullium}
638 1067 677 1115 n‘e
685 1055 841 1117 interuallo
849 1057 969 1136 quidem
979 1057 1068 1130 facto,
1087 1099 1093 1110 .

87 1137 227 1207 oblitum,
235 1145 374 1216 tanquam
383 1136 481 1210 alieni,
492 1135 574 1214 regni
586 1135 749 1216 Superbum
762 1135 956 1272 Tarppinium
964 1157 973 1206 ς
986 1137 1070 1198 velut

87 1215 298 1280 lraereditatem
310 1213 407 1294 gentis
421 1213 532 1274 scelere
545 1229 579 1272 ac
591 1212 620 1272 ri
632 1233 663 1272 re
687 1213 786 1274 etisse.
850 1215 915 1274 ulso
927 1215 1069 1297 Superbo,

18 1317 21 1346 r
71 1277 184 1378 i'peues
198 1291 378 1356 Collatinum
391 1292 545 1372 imperium
553 1309 634 1353 esse.
706 1291 799 1352 esciro
813 1293 992 1372 'l'erquinios
1001 1294 1067 1374 pri-

90 1379 176 1434 vatos
188 1373 306 1442 vivere3
325 1389 384 1430 non
396 1370 653 1451 placerenomem
674 1368 872 1449 periculosum
881 1372 1010 1433 libertati
1018 1393 1066 1432 es·

88 1458 151 1512 ·se.'’
191 1449 249 1510 llic
262 1450 358 1530 primo
372 1448 480 1510 sensim
494 1448 673 1508 tentantium
688 1447 801 1507 animos
809 1467 905 1524 sermo
916 1471 968 1529 per
975 1456 1070 1510 totam

93 1531 243 1590 civitatem
257 1535 303 1589 est
316 1506 414 1599 datiis,
427 1526 648 1606 sollicitamque·
656 1526 823 1606 suspicione
833 1527 947 1608 plebem
956 1529 1069 1592 Brutus

93 1609 132 1670 ed
145 1607 316 1668 concionem
327 1612 422 1668 rocol.
462 1605 505 1665 lbi
519 1606 650 1666 omnium
662 1605 792 1686 primum
800 1606 1007 1684 jusjurandum
1016 1629 1070 1688 po-

93 1689 156 1769 puli
168 1686 292 1756 recitat3
310 1679 498 1745 “Neminem
509 1701 632 1764 regnare
645 1703 794 1762 passuros,
805 1703 861 1742 uec
874 1705 939 1745 esse
953 1687 1069 1761 Romae,

93 1767 172 1828 uude
186 1764 350 1846 periculum
364 1761 494 1822 libertati
506 1761 591 1820 iuret.
631 1761 665 1820 ld
678 1767 793 1822 summe
804 1779 859 1840 ope
869 1763 1013 1826 tuendum
1024 1787 1070 1828 es·

93 1865 147 1916 se3¹
159 1859 258 1923 neque
271 1841 362 1902 ullam
376 1859 448 1910 rem,
464 1859 536 1930 quae
551 1838 587 1914 ed
600 1839 757 1920 pertineat,
775 1839 1069 1904 contemnendam*-

94 1923 226 1985 lnritum
240 1942 272 1982 se
284 1919 385 1980 dicere
407 1917 533 1980 hominis
555 1923 663 1990 caust3
684 1937 740 1977 nec
754 1917 902 1979 dicturum
922 1917 1024 1992 tuisse,
1036 1924 1069 1984 ni

19 2067 22 2072 ,
93 2001 204 2064 caritas·
217 1997 540 2079 reipublicaevinceret.
590 1997 660 2056 Non
675 1995 796 2080 credere
808 1999 949 2078 populum
963 2001 1070 2062 Roma·

94 2099 175 2150 num,
188 2079 311 2140 solidant
323 2077 487 2139 libertatem
503 2083 704 2156 recuperatam
715 2081 796 2139 esset
829 2077 951 2157 Regium
965 2100 1069 2159 genus,
1124 2127 1130 2138 ,

93 2159 209 2238 regium
226 2175 344 2230 nomen,
357 2175 414 2216 non
429 2155 525 2216 solim
538 2155 567 2214 in
583 2154 712 2222 ciuitate,
725 2157 777 2215 sed
792 2156 880 2215 etiem
901 2157 932 2215 in
945 2158 1068 2238 imperio

94 2257 172 2296 osse.
193 2233 228 2292 ld
243 2233 366 2304 officere,
378 2234 408 2292 id
417 2235 532 2292 obstare
542 2229 685 2292 libertati·
702 2233 792 2293 llunc
803 2237 864 2305 tu,”
875 2235 985 2313 inquit,
991 2247 1007 2272 ‘⁴
1014 2241 1068 2298 tud

94 2314 263 2382 voluntate,
279 2313 315 2372 L
326 2311 481 2390 'sanquini
494 2329 609 2370 remove
622 2319 741 2371 metum.
781 2312 982 2386 Meminimus,
994 2315 1069 2378 sote·

18 2420 25 2448 ς·
95 2389 403 2470 munejeoistireges.
442 2387 855 2451 Absolvebeneficiumtuum.
893 2393 1067 2454 Aulerhinc

19 2487 20 2490 ’
95 2471 207 2552 regium
217 2486 339 2528 nomen.
352 2512 359 2538 -.
377 2468 439 2528 Res
452 2475 524 2543 tuos¹
532 2467 583 2528 tibi
598 2487 656 2528 non
671 2470 767 2528 sold-m
781 2470 908 2536 reddent
922 2472 1001 2538 cives
1015 2477 1068 2544 tui,
1165 2494 1166 2498 ¹

95 2555 215 2609 auctore
229 2565 297 2620 me3
320 2547 387 2618 sed,
399 2546 426 2616 si
439 2545 510 2626 quid
525 2545 617 2616 deest,
630 2549 769 2608 munifice
781 2552 937 2630 augebunt.
986 2551 1069 2616 Ami·

97 2647 148 2688 cus
158 2627 204 2687 abi
244 2643 370 2686 exonera
383 2626 532 2685 civitatem
544 2626 753 2688 vano'forsiton
765 2634 855 2688 metu.
894 2629 941 2688 Ita
951 2651 1070 2710 persua·

18 2721 19 2724 ’
95 2727 160 2767 sum
169 2711 216 2764 est
223 2704 337 2775 animis,
346 2723 412 2764 cum
422 2710 510 2785 gente
521 2704 685 2782 Tarquinia
692 2723 813 2785 regnum
823 2707 890 2765 hinc
899 2709 1069 2769 abiturum.⁵'

97 2783 219 2845 Consuli
232 2781 327 2862 primis
340 2791 400 2842 tam
414 2803 500 2842 novae
516 2783 557 2842 rei
572 2783 726 2842 ac‘subitae'
740 2779 894 2846 admiratio
907 2785 1070 2848 incluserat

96 2881 207 2925 vocem.
246 2860 364 2922 Dicere
385 2861 492 2926 ‹leinde
505 2860 697 2939 incipientem
718 2861 859 2942 primores
874 2861 1001 2924 civitatis
1015 2865 1071 2925 cir-

98 2943 289 3016 cumsistunt,
311 2941 412 2999 eadem
438 2936 540 2997 multis
561 2939 698 3016 precibus
721 2946 826 3008 oranti
845 2943 876 3000 et
896 2941 986 3002 ceteri
1007 2943 1071 3023 qui·

98 3021 162 3081 dem
171 3019 328 3078 movebunt
340 3017 459 3078 mimis:
473 3021 627 3096 postquam
639 3017 688 3094 Sp.
697 3015 865 3092 Lucretius,
877 3023 969 3100 major
979 3030 1068 3086 aetate

18 3163 20 3170 ,
99 3119 130 3158 ec
141 3097 298 3178 dignitate,
311 3113 396 3154 socer
407 3101 554 3180 praeterea
566 3093 669 3173 ipsius,
682 3113 769 3187 agere
779 3096 871 3174 varie,
886 3103 1014 3181 rogando
1028 3102 1071 3162 al-

97 3178 189 3238 ternis
211 3173 435 3252 suadendoque,
458 3173 566 3252 coepu,
588 3179 622 3233 ut
634 3175 712 3234 vincr
727 3193 759 3234 se
773 3181 915 3238 consensu
940 3170 1074 3242 civitatis
1161 3197 1166 3207 ’

97 3257 247 3335 pateretur
254 3275 264 3326 3
284 3251 393 3312 timens
404 3252 516 3320 consul,
529 3269 567 3310 ne
580 3253 888 3336 postmodumpriva-to
901 3257 954 3318 sibi
965 3259 1070 3320 eadem
1150 3239 1161 3328 i

96 3335 228 3404 iliacum
242 3333 382 3392 bonorum
406 3329 571 3402 amissione,
595 3333 757 3412 addittque
778 3335 837 3394 alie
858 3335 1070 3418 insuperigno-

96 3411 199 3482 minii,
209 3410 389 3481 acciderent,
401 3407 590 3472 abdiceritse
600 3412 770 3482 consulatu3
790 3413 934 3492 rebusque
943 3415 1003 3476 suis
1010 3433 1070 3474 om-

96 3492 183 3552 nibus
196 3489 353 3558 Lavinium
363 3489 516 3563 translatis
525 3488 645 3550 civitate
656 3491 755 3551 cessit.
774 3493 885 3551 Brutus
896 3511 932 3553 ex
940 3499 1072 3553 senatus-

99 3569 237 3634 consulto
246 3568 281 3648 ed
296 3568 433 3662 populum
455 3567 536 3692 tulit,
547 3573 582 3630 ut
594 3587 704 3636 omues
717 3569 893 3648 Tarquinia
912 3572 1008 3658 gentis
1021 3587 1071 3650 era⁴
1125 3567 1129 3580 '
