2372 4116
95 199 155 257 aaa
455 207 459 214 ·
495 185 672 260 sinivit.
715 231 717 236 ,

91 355 150 415 iter
159 375 261 450 pacem
277 345 426 436 impetrari
440 377 498 426 non
511 379 607 440 posse.
656 353 696 418 Et
705 347 881 437 'responsum
897 376 993 420 coram
1006 347 1071 408 Ro·

91 453 187 494 mams
201 437 331 513 accipere
345 437 444 497 vellet
465 445 505 506 et,
517 438 542 496 si
557 443 679 518 negetur
692 456 769 516 ager,
781 453 878 498 coram
892 435 996 496 iisdem
1006 427 1071 485 Ro·

93 513 187 572 manis
208 514 407 584 dimicaturos,
429 522 463 576 ut
477 517 619 576 nunciare
638 515 757 574 domum
778 515 901 594 possint,
924 510 1073 596 quantum

93 590 171 650 Galli
186 591 295 651 virtute
309 603 424 652 ceteros
436 593 575 653 mortales
586 597 772 672 praesturent.
810 592 965 664 Quodnam
977 592 1007 650 id
1017 601 1073 661 JUS
1141 599 1145 602 ’

94 675 181 736 esset,
195 687 297 748 agrum
313 670 330 728 d
344 672 559 749 possessoribus
572 681 686 751 petere,
697 677 749 730 eut
760 671 950 730 minariarma
961 672 991 727 P‘
1012 661 1075 730 litt.

90 745 185 806 marris
210 750 423 826 quarentibus,
443 753 482 818 et,
503 749 573 828 quid
594 751 625 810 in
639 749 759 808 Etruria
781 748 824 807 rei
846 749 940 808 Gallis
953 737 1076 807 essetP'

91 841 181 902 qnam
198 825 251 896 illi,
267 833 329 886 “se
343 827 374 885 in
388 827 476 886 arniis
485 829 535 906 jus
550 828 653 898 terre?
666 825 704 886 et'
717 835 736 864 ‘⁶
748 845 846 886 omnia
862 827 978 886 tortium
992 821 1070 880 vir0·

90 919 156 960 rum
169 907 264 976 esse‚’‘
282 903 421 964 ferociter
434 905 579 981 dicerent,
599 905 733 966 accensis
754 904 891 984 utrinque
906 901 1010 963 animis
1028 893 1069 986 ad

89 999 171 1039 arma
185 983 370 1052 discurritur,
384 985 566 1064 etproelium
589 983 762 1043 conseritur.
802 983 855 1052 lbi,
863 986 925 1064 jam
940 983 1072 1060 urgenti·

89 1057 144 1117 bus
161 1060 321 1122 Romanam
342 1063 442 1120 urbem
457 1063 538 1128 satis,
553 1063 642 1140 legati
662 1069 765 1122 contra
779 1062 830 1139 jus
843 1059 975 1141 gentium
989 1071 1072 1117 arma

90 1137 212 1214 capiunt
224 1163 232 1210 3
254 1159 309 1198 nec
324 1139 353 1196 id
369 1140 443 1198 clam
456 1161 521 1200 esse
532 1141 636 1221 potuit.
650 1159 739 1216 quum
754 1147 823 1196 ante
837 1141 920 1217 signa
931 1138 1072 1210 Etrusco-

90 1233 154 1272 rum
176 1225 235 1274 tres
250 1215 422 1274 nobilissimi
436 1216 647 1293 fortissimique
662 1216 804 1274 Romanae
815 1216 983 1293 juventutis
997 1232 1072 1294 pug-

87 1299 212 1363 narent3
243 1298 358 1350 tantum
373 1291 520 1352 eminebat
540 1293 695 1375 peregrina
714 1291 809 1352 uirtus
829 1291 1010 1365 Quinetiam
1032 1292 1070 1364 Q.

91 1369 208 1440 Fabius,
221 1373 343 1430 evectus
357 1374 441 1428 extra
457 1369 551 1432 aciem
565 1390 650 1450 equo,
662 1367 767 1430 ducem
781 1369 942 1440 Gallorum,
962 1369 1092 1430 feroci-x

90 1451 138 1505 ter
152 1447 181 1506 in
195 1448 260 1529 ipsa
278 1449 361 1528 signa
374 1447 567 1510 Etruscorum
586 1451 867 1528 incursantemper
880 1449 957 1506 latus
971 1453 1071 1506 trans·

90 1523 180 1584 fixum
195 1525 294 1597 hasta,
321 1525 446 1585 occidit:
478 1527 630 1606 spoliaque
644 1527 708 1604 ejus
721 1525 867 1602 legentem
883 1523 962 1584 Galli
981 1533 1071 1604 agno·

89 1622 173 1672 vere,
189 1624 300 1684 perque
312 1609 403 1662 totam
417 1603 520 1676 aciem,
542 1606 706 1664 Romanum
721 1599 849 1682 legatum
861 1623 939 1673 esse,
953 1603 1070 1683 signum

48 1703 52 1714 ·
91 1681 192 1740 datum
208 1692 262 1741 cst.
313 1681 431 1741 Omissa
445 1682 515 1743 iude
532 1683 563 1742 in
577 1682 716 1742 Clusinos
729 1679 786 1750 ira,
798 1682 931 1760 receptui
949 1685 1070 1750 canunt,

89 1759 238 1820 minantes
254 1759 404 1820 Romanis.
451 1761 555 1828 Erant,
567 1761 618 1840 qni
638 1759 787 1838 extemplo
801 1760 924 1819 Romam
938 1759 1066 1820 eundum

92 1845 250 1898 censerent
262 1860 270 1908 ;
290 1838 388 1897 vicere
400 1839 540 1912 seniores,
548 1845 582 1899 ut
593 1839 681 1920 legati
694 1838 775 1917 prids
783 1837 973 1898 mitterentur
982 1857 1068 1916 ques·

89 1922 153 1978 tum
168 1917 290 1996 injurias
304 1917 553 1996 postulatumque,
566 1925 598 1976 ut
609 1921 735 1998 proJure
748 1915 879 1997 gentium
893 1917 1003 1976 violato
1013 1915 1068 1976 Fa·

90 1993 130 2053 bii
152 1995 341 2055 dederentur.
402 1996 508 2076 Legati
532 1995 685 2056 Gallorum
707 2014 799 2074 quum
822 2015 865 2066 ea,
886 1995 963 2054 sicut
983 1999 1066 2054 erant

89 2073 239 2140 mandata,
259 2070 473 2156 exposuissent,
486 2073 600 2134 senatui
616 2094 670 2142 nec
685 2073 795 2134 factum
818 2073 952 2153 placebat
965 2073 1067 2133 Fabio·

88 2170 164 2219 rum,
177 2157 208 2209 et
217 2153 267 2228 jus
283 2149 431 2230 postulare
453 2151 567 2212 barbari
580 2153 771 2223 videbantur;
802 2151 864 2220 sed,
876 2169 914 2210 ne
929 2151 971 2219 id,
986 2151 1067 2230 quod

87 2228 233 2308 placebat,
253 2228 448 2306 decernerent
461 2229 492 2289 in
507 2236 600 2290 tantae
613 2230 776 2290 nobilitatis
790 2228 869 2298 viris,
889 2228 1007 2288 ambitio
1018 2230 1068 2288 ob-

12 2323 13 2326 ’
81 2309 195 2370 stabat.
236 2307 350 2385 ltaque,
363 2325 401 2364 ne
412 2328 504 2387 penes
517 2307 596 2388 ipsos
608 2309 696 2388 culpa
708 2316 788 2368 esset
801 2307 894 2366 cladis
907 2305 983 2366 torte
994 2307 1065 2368 Gal·

82 2383 150 2443 'lico
162 2383 241 2443 bello
255 2391 400 2463 acceptae,
421 2387 616 2466 cognitionem
626 2387 674 2445 ‘de
689 2384 845 2466 postulatis
860 2384 1013 2444 Gallorum
1027 2385 1065 2446 ad
1119 2399 1122 2406 '

90 2463 231 2540 populum
247 2463 402 2542 rejiciunt3
422 2463 470 2522 ubi
485 2460 568 2522 tan't'o
578 2465 744 2542 plusgratia
756 2471 846 2542 atque
856 2481 925 2540 opes
938 2465 1065 2534 valuere,

87 2547 132 2608 ut,
145 2559 268 2617 quorum
283 2540 319 2596 de
336 2557 425 2614 poena
438 2541 589 2616 agebatur,
599 2541 708 2598 tribuni
723 2541 848 2600 militum
861 2541 1006 2598 consulari
1016 2559 1067 2618 po·

88 2622 197 2676 testate
211 2618 241 2674 in
256 2617 459 2690 insequentem
470 2635 579 2672 annum
591 2625 770 2674 crearentur.
809 2617 874 2688 Quo
885 2615 974 2685 facto,
985 2615 1063 2685 haud

90 2711 176 2754 secus
189 2693 279 2772 quim
293 2692 413 2770 dignum
428 2697 501 2764 erat,
514 2690 623 2752 intensi
639 2693 719 2753 Galli
730 2694 841 2754 bellum
850 2695 1001 2773 propalam
1013 2696 1065 2756 mi·

78 2772 254 2842 ¹nantes,ad
270 2789 337 2830 suos
351 2770 484 2830 redeunt.
534 2771 659 2830 Tribuni
679 2773 806 2832 militum
823 2793 889 2831 cnm
904 2773 1064 2834 tribuera-

89 2851 146 2910 biis
158 2852 249 2910 creati
263 2849 297 2924 Q.
313 2849 460 2924 Sulpicius
480 2849 663 2932 Longus„Q.
672 2849 819 2928 ,Servilius
840 2851 988 2932 quartdm,
1001 2853 1063 2914 Ser.

91 2929 248 2988 Cornelius
264 2927 485 3008 Maluginensis.
546 2931 605 2984 tlt»
638 2951 643 2961 ¹
729 2951 733 2958 ·
851 2939 855 2946 “

78 3011 84 3029 ⁴
131 3007 287 3066 XXXVll.
316 3007 411 3078 Quurn
426 3013 509 3067 tanta
523 3008 614 3068 moles
633 3007 707 3076 mali,
716 3009 851 3080 instaret,
864 3009 951 3085 (acteo
970 3031 1063 3074 occae·
1101 3040 1103 3044 ’

80 3093 142 3153 cat
156 3084 268 3144 animos
287 3085 413 3154 fortuna,
427 3085 475 3144 ubi
488 3085 546 3146 vim
569 3107 650 3147 suam
665 3087 851 3167 ingruentem
872 3089 991 3171 refringi
1006 3111 1062 3152 nort

12 3205 13 3210 κ
90 3161 170 3243 vult)
185 3163 380 3240 civitasquae,
390 3163 533 3224 adversus
548 3165 720 3228 Fidenatem
735 3185 769 3224 ac
784 3165 937 3245 Vejentem
952 3167 1063 3230 hostem

12 3265 14 3306 g
78 3241 223 3321 'aliosque
236 3239 379 3300 finitimos
392 3241 523 3319 populos,
534 3242 639 3300 ultima
649 3242 803 3322 experiens
815 3245 930 3313 auxilia,
941 3246 1061 3306 dictato·
1144 3311 1148 3324 ,

90 3339 151 3378 rem
165 3320 265 3380 moltis
276 3319 498 3397 tempestatibus
509 3319 632 3378 dixisset
641 3340 650 3389 3
670 3341 706 3380 ea
716 3329 796 3386 tunc,
811 3322 959 3382 invisitato
972 3335 1059 3403 atque
1141 3333 1148 3354 '

80 3391 224 3458 ¹'inaudito
238 3399 319 3457 hoste
331 3399 367 3456 ab
378 3415 486 3455 oceano
497 3403 699 3476 terrarumque
709 3399 822 3458 ultimis
837 3400 894 3458 oris
903 3399 1009 3459 bellum
1022 3405 1060 3464 ci·

89 3474 169 3542 date,
191 3474 264 3532 nihil
291 3473 515 3535 extraordinarii
538 3475 653 3554 imperii
680 3483 731 3536 ant
749 3479 849 3536 auxilii
876 3479 1060 3556 quaesivit-s·
1089 3532 1094 3538 .

15 3572 20 3582 ·
92 3551 228 3622 Tribuni,
241 3571 365 3630 quorum
385 3555 552 3613 temeritate
573 3555 682 3622 bollum
701 3561 883 3615 contractum
898 3563 970 3628 erat,
989 3579 1062 3619 sum·
1082 3561 1085 3567 ’
1165 3555 1167 3564 ’

12 3659 13 3670 ,
89 3642 265 3692 maerorum
292 3641 456 3709 preerant:
491 3621 698 3712 delectumque
720 3632 814 3694 nihilo
843 3637 1061 3706 accuratiorem,
1129 3707 1131 3718 Ι
1166 3701 1167 3708 ¹
