2372 4116
484 255 610 321 cicun
630 255 666 317 v.
820 238 825 244 '
1011 237 1082 320 Μ

94 415 142 486 cib·
154 412 280 479 decumo
290 408 473 496 designetur:
495 413 575 474 urbis
589 417 678 492 atque
691 409 752 472 arri
766 411 854 492 capti,
864 431 932 491 quae
947 417 978 476 el
1008 415 1074 495 ipsa

93 501 161 554 voto
182 493 373 564 contineatur,
386 492 565 554 mentionem
583 494 694 552 nullam
707 461 797 550 der-'r’
835 491 932 564 Quum
947 513 982 553 eu
1006 495 1067 554 dis·

93 591 127 634 uc
148 572 228 642 tutio,
251 591 323 632 auce
378 572 493 632 senatui
513 569 575 638 visi,
587 569 724 650 delegata
745 567 782 626 ad
796 569 953 645 pontifices
966 577 1064 642 esseta

91 591 220 709 odliibito
234 649 328 709 Camil
343 669 369 719 0,
381 649 479 709 risum
490 647 622 726 collegio,
635 647 714 726 quod
729 647 792 734 ejus
807 651 877 705 ante
890 657 1066 728 conceptum

91 731 191 795 votum
206 727 375 808 Vejentium
388 725 499 795 fuisset,
510 731 618 805 etpost
629 731 729 786 votum
742 741 773 782 m
786 730 963 804 potestatem
974 747 1066 806 popu·

90 802 115 862 li
124 803 249 866 Rdmuni
259 805 402 877 uenisset,
413 807 477 884 ejus
489 809 603 882 purtem
623 803 778 869 decumam
793 801 928 890 Apollini
951 823 1065 865 sacram
1091 831 1094 836 ·

90 899 177 942 esses
206 881 296 942 [tuin
322 883 506 942 aestationern
526 883 595 941 urbs
618 898 745 970 agerque
762 884 869 938 uenit:
888 880 1015 959 pecunia
1028 903 1064 942 ex

75 959 195 1018 vaerurio
208 968 353 1039 prompta,
364 964 394 1020 et
414 959 537 1026 tribunis
552 959 676 1018 militum
691 956 900 1027 consularibus,
914 964 1063 1019 otacrum

92 1054 130 1094 ex
143 1055 178 1095 ea
196 1043 375 1106 coemerent,
391 1055 429 1096 ne
449 1038 539 1099 otium
561 1036 680 1107 datum;
699 1038 783 1115 cujus
797 1050 885 1170 guum
900 1036 984 1115 copie
1006 1055 1065 1098 con

91 1122 184 1183 esset,
199 1121 351 1187 matronae,
364 1115 436 1176 coeti
474 1134 489 1174 s
502 1113 540 1175 ad
558 1133 623 1174 eam
637 1121 699 1176 rem
712 1131 802 1172 consu
816 1112 937 1174 tandum
950 1113 1065 1188 habitis,

91 1197 123 1250 et
144 1196 289 1252 communi
308 1195 428 1254 decreto
449 1190 590 1274 pollicitae
614 1193 738 1252 tribunis
759 1189 886 1250 militum
907 1205 1009 1252 aurum
1032 1201 1063 1255 et

90 1271 189 1330 omnie
209 1278 380 1332 ornamenta
403 1290 464 1340 suu,
484 1273 516 1330 in
532 1271 666 1330 aerarium
688 1269 870 1330 detulerunt.
910 1270 1003 1330 Grata
1026 1291 1062 1332 ea

91 1364 149 1416 res,
161 1353 195 1407 ut
210 1367 278 1426 quae
295 1349 418 1410 maxime
428 1349 550 1410 senatui
573 1367 713 1426 unquam,
727 1347 796 1405 luite
817 1345 1013 1426 honoremque
1028 1351 1065 1408 ob

47 1447 50 1452 ·
91 1443 156 1486 earn
177 1427 409 1487 munificentiam
430 1425 684 1486 feruntmatronis
697 1423 835 1490 habitum,
853 1429 886 1480 ut
899 1425 1011 1502 pilento
1025 1425 1063 1485 ad

89 1503 335 1582 sacraludosque,
346 1501 494 1582 carpentis
507 1501 582 1561 festo
593 1500 948 1580 profestoque‘utereutur.
988 1501 1063 1578 Pon-

81 1579 164 1638 dere
178 1580 345 1660 absiogulis
363 1579 427 1640 auri
440 1581 563 1660 accepto
578 1579 790 1656 aestimatoque,
804 1582 838 1636 ut
850 1579 985 1656 pecuoiae
1007 1581 1064 1640 sol-

89 1662 238 1726 verentum
252 1665 395 1718 crateram
405 1677 523 1719 auream
537 1658 600 1718 fieri
612 1657 730 1737 placuit,
743 1675 811 1736 quae
824 1655 934 1715 donum
949 1659 1062 1739 Apolli-

90 1734 123 1794 ni
145 1734 277 1816 Delphos·
287 1742 458 1816 portaretur.
486 1735 591 1796 .Simul
605 1737 641 1794 ab
664 1735 807 1814 religione
818 1737 929 1794 animos
943 1737 1062 1797 remise·

90 1819 172 1884 runt,
184 1814 333 1893 integrant
354 1813 528 1874 seditionem
550 1812 783 1892 tribuniplebis:
803 1811 944 1874 incitatur
959 1814 1063 1874 multi·
1113 1827 1116 1831 ’
1174 1837 1175 1840 “

90 1889 172 1950 tudo
187 1891 218 1950 in
240 1911 340 1953 omnes
361 1893 518 1972 principes,
540 1896 609 1952 ante
630 1891 703 1951 alios
724 1890 755 1950 in
777 1889 945 1951 Camillum.
987 1894 1060 1952 llum

34 2041 39 2047 .
90 1969 222 2046 praedam
245 1971 439 2050 Vejentanam
463 1969 641 2050 publicando
660 1969 861 2047 sacrandoque
885 1970 923 2029 ad
937 1969 1061 2030 nihilum

92 2045 258 2119 redecisser
278 2051 413 2110 absentes
426 2048 567 2108 ferociter·
576 2046 746 2136 increpant:
762 2047 961 2128 praesentium,
973 2069 1063 2128 quum

92 2097 220 2186 scultro
243 2127 325 2188 iratis
347 2128 494 2196 oberrent
518 2126 725 2186 verecundiam
746 2126 862 2186 habent.
901 2127 1002 2186 Simul
1014 2147 1063 2188 ex-

91 2203 168 2262 trahi
181 2223 244 2264 rem
266 2225 302 2264 ex
315 2225 350 2266 eo
363 2225 440 2265 anno
453 2205 600 2273 viderunt,
612 2205 743 2264 tribunos
762 2204 855 2286 plebis
869 2203 975 2264 latores
989 2205 1062 2285 legis

11 2283 12 2330 l
91 2281 124 2340 in
136 2293 245 2340 uncum
260 2283 377 2342 eosdem
402 2277 556 2350 r'eficiuut3
575 2287 606 2340 et
629 2282 731 2340 Patres
751 2281 807 2340 hoc
830 2281 908 2340 idem
922 2282 959 2342 de
973 2282 1063 2342 inter·
1174 2355 1175 2360 ἵ

95 2359 257 2420 cessoribus
271 2359 344 2440 legis
366 2361 461 2420 annisi
471 2381 480 2431 ;
500 2360 543 2420 itu
555 2355 664 2418 tribuni
687 2358 784 2438 plebis
801 2376 905 2439 magna
923 2377 959 2418 ex
980 2365 1065 2440 parte

91 2436 181 2498 iidem
195 2436 309 2498 refecti.
557 2439 577 2460 '¹
712 2459 714 2464 ⁴

132 2515 243 2574 XXVl.
264 2515 399 2577 Gomitiis
418 2516 600 2579 tribunorum
619 2517 744 2578 militurn
764 2515 868 2578 Patres
881 2522 1025 2585 summac
1047 2540 1064 2582 e
1174 2535 1175 2544 ¹

93 2591 253 2662 evicerunt,
266 2599 300 2654 ut
322 2595 367 2654 M.
381 2596 486 2656 Furius
505 2595 649 2658 Camillus
663 2601 826 2664 crearetur;
847 2602 967 2686 propter
987 2540 1065 2658 belia

94 2670 270 2730 simulabant
284 2671 380 2752 parari
393 2674 508 2743 ducem,
522 2674 574 2735 sed
589 2673 736 2754 largitioni
749 2671 914 2732 tribuniciae
928 2673 1065 2739 adversa·

92 2747 154 2884 rige
167 2749 387 2884 quaerebamuL
402 2752 479 2842 Cum
490 2751 722 2886 C³i1¹¹ffl⁰1iifflti
733 2750 842 2883 tribgni
856 2749 1076 2884 ῑὲἰΙίῐυιηιερη·ν

17 2879 52 2947 ’.
91 2830 520 2985 ttltttttltnrttltt
533 2829 1075 2987 ptltrltttantltlltz'

93 2982 244 3062 Principio
257 2983 326 3043 anni
339 2983 448 3044 tribuni
461 2983 554 3064 plebis
576 2983 647 3042 nihil
662 2989 823 3050 moverunt,
836 2981 930 3042 donec
950 2985 992 3044 M.
1006 2982 1066 3045 cua

94 3059 155 3119 rius
179 3061 322 3120 Camillus
343 3060 376 3120 in
388 3059 598 3130 Faliscos,‘cui
613 3059 643 3118 id
669 3060 778 3120 bellum
800 3060 970 3121 mandatum
992 3071 1065 3138 erat,

114 3137 346 3209 rolicisceretura
366 3137 528 3200 differendo
540 3137 647 3198 deinde
662 3137 792 3217 elanguit
812 3158 876 3198 res:
908 3147 940 3200 et
953 3143 1063 3202 Camil·

92 3157 134 3285 lo,
147 3235 235 3294 quem
248 3215 447 3276 adversarium
460 3213 584 3276 maximi
598 3215 776 3288 metuebant,
788 3217 879 3296 gloria
892 3218 923 3278 in
938 3219 1065 3281 Faliscis

53 3333 54 3336 =
95 3293 197 3353 crevit.
226 3293 427 3386 Numquam
439 3295 534 3376 primb
547 3293 693 3355 moenibus
707 3313 739 3354 se
752 3293 852 3355 hostes
861 3303 1004 3366 tenerent,
1017 3301 1063 3357 tu·

34 3397 36 3404 ’
93 3369 237 3432 tissimum
251 3372 282 3432 id
295 3377 361 3442 rutr,
375 3374 559 3453 populatione
572 3385 707 3452 agrorum
721 3376 808 3451 atque
821 3373 966 3432 incendiis
980 3373 1064 3437 villa·

93 3464 159 3508 rum
182 3451 278 3530 coegit
300 3471 350 3513 eos
371 3451 471 3532 egredi
484 3454 575 3532 urbe;
603 3449 655 3511 sed
675 3450 763 3510 timor
786 3449 901 3532 longiis
925 3454 1063 3532 progredi

94 3522 249 3606 prohibuit
289 3530 374 3589 blille
395 3529 457 3590 fere
479 3549 617 3610 passuum
637 3529 675 3586 ab
696 3528 802 3608 oppido
815 3533 922 3586 'eastra
942 3529 1063 3599 locante
1092 3549 1095 3554 ·

94 3602 179 3664 mullet
204 3624 235 3664 re
248 3607 306 3681 alit
328 3608 454 3670 fidentes
466 3627 502 3669 ea
515 3607 588 3668 satis
600 3613 664 3666 tuta
687 3625 761 3675 esse,
785 3603 873 3684 quim
887 3605 1064 3665 difficultate

96 3681 208 3769 aditos&
218 3685 330 3773 asperis
353 3685 589 3772 confragosisque
603 3684 693 3758 eirca,
712 3689 743 3748 et
754 3683 861 3764 partim
873 3683 975 3760 arctis,
996 3701 1066 3763 par?
