2394 4138
103 220 142 276 su
499 203 673 271 nurrn
745 263 865 332 Ἦ
930 259 934 296 3
1005 257 1025 323 ,t

101 365 372 514 quendcqneirlem
429 369 558 450 odigium
582 363 782 435 nunciaretur,
805 347 888 424 series
910 347 1112 443 per-‘norem'

123 453 166 514 ies
179 453 349 529 regerentur.¹
415 449 474 508 aud
490 449 533 508 itn
546 443 641 504 multo
653 450 721 534 post
734 443 909 522 pestilentia
921 444 1083 508 laboratern

101 539 165 600 est3
186 527 264 588 unde
278 545 369 604 quum
383 525 502 608 pigritia
514 521 662 586 militundr
675 522 802 584 oriretur
813 522 1035 592 emulis-tamen
1046 525 1084 587 eb

99 607 189 672 ermis
207 597 292 686 quies
306 604 430 666 debetur
443 608 479 666 ob
493 602 633 664 bellicoso
654 621 731 682 rege,
744 601 904 662 salubriore
916 601 1008 662 etiarn
1021 621 1088 664 erres

99 687 190 748 dente
210 683 338 754 militiae,
360 681 448 761 quim
471 681 561 752 domi,
574 681 718 761 juvenum
739 699 862 774 corpora
879 699 966 749 esse;
987 680 1084 742 donec

98 765 108 827 i
130 785 162 826 se
189 782 308 844 quoque
322 763 483 844 longinquo
504 759 603 821 morbo
616 764 663 820 est
683 757 854 838 implicrtus.
894 759 983 821 Tunc
1007 759 1086 823 odeo

98 787 189 906 tincti
203 841 292 904 simul
312 861 380 900 cunr
390 877 395 886 ‚
405 860 526 920 corpore
548 844 617 900 sunt
637 837 759 920 spiritus
773 835 816 898 illi
838 835 961 908 seroces,
973 842 1017 909 ut,
1031 837 1085 918 qui

99 921 173 984 nihil
186 920 256 982 untt
269 927 351 981 ratus
364 925 445 982 esset
457 917 557 980 minuis
567 916 689 1008 regium,
698 915 789 996 quim
799 915 890 978 sacris
900 915 1011 978 dedere
1019 917 1085 976 oni·

99 1019 189 1071 mum,
209 999 333 1081 repente
357 999 625 1078 omnibusmognrs
647 993 805 1076 parvisque
827 993 1083 1076 superstitionibus

81 1113 85 1120 ·
100 1079 243 1142 obnoxius
256 1079 388 1158 degeret,
400 1075 648 1158 religionibusque
662 1074 753 1134 etiem
772 1073 913 1166 populum
926 1071 1084 1154 irnplerett

101 1158 193 1238 vulgo
200 1160 261 1236 jem
283 1155 426 1226 homines,
439 1174 507 1214 eurn
520 1158 631 1212 statum
644 1171 754 1227 renum,
766 1171 818 1232 qur
832 1153 887 1214 sub
900 1151 1001 1214 Numo
1014 1171 1084 1236 rege

99 1237 206 1305 suerat,
221 1233 418 1326 requirentes,
430 1251 519 1292 unum
532 1249 618 1311 opem
642 1233 730 1310 aegris
756 1230 925 1312 corporibus
938 1229 1084 1302 relictam,

101 1315 126 1377 si
140 1333 198 1394 prr
211 1331 356 1390 remoque
369 1313 405 1372 eb
419 1311 484 1370 Diis
497 1309 654 1390 impetrato
666 1315 756 1382 esset,
770 1308 941 1370 eredebant.
980 1309 1084 1388 Ipsum

100 1389 345 1476 regem,trudunt
366 1390 537 1450 volventem
556 1387 782 1448 commentarios
806 1385 927 1454 Numae.
939 1406 1029 1466 quum
1043 1387 1085 1450 ibi

99 1471 239 1555 quaednm
253 1467 370 1530 occulto
390 1467 524 1528 solennia
545 1465 691 1528 sacrificio
710 1467 777 1528 lovi
796 1465 895 1526 Elicio
909 1466 989 1526 fectu
1001 1463 1085 1528 inre-

100 1551 206 1620 nisset,
218 1551 371 1626 operatum
386 1546 431 1606 lris
452 1545 543 1604 sacris
565 1564 598 1606 se
620 1544 788 1616 abdidisse3
808 1544 862 1617 sed
886 1563 945 1606 non
960 1543 1016 1606 rite
1028 1543 1085 1606 ini·

99 1633 163 1690 tum
177 1635 230 1688 eut
242 1632 376 1685 curatum
390 1623 421 1684 id
442 1641 560 1684 sucrum
574 1641 659 1694 esse;
678 1641 734 1684 nee
748 1621 844 1686 solnm
860 1623 973 1684 nullom
993 1621 1021 1684 ei
1035 1625 1085 1686 ob·

100 1706 191 1767 lutam
206 1703 373 1764 coelestinm
388 1701 528 1795 speeiem,
541 1702 594 1762 sed
607 1702 654 1764 ire
669 1701 765 1773 Joris,
778 1701 920 1764 solicituti
932 1707 1025 1783 provo
1038 1723 1084 1764 re·

98 1784 217 1866 ligione,
238 1781 363 1844 fulmine
387 1789 479 1842 return
506 1799 573 1844 curn
600 1781 688 1844 domo
715 1781 924 1862 conflagrasse
974 1781 1098 1876 Tullus⁸

98 1861 316 2002 msgqixglorit
328 1860 399 1920 belli
412 1860 549 1940 regnavit
558 1879 651 1922 ennos
664 1860 738 1920 duos
751 1866 784 1922 et
794 1859 926 1938 triginta.

246 1942 267 1998 l.
289 1940 408 1998 Mortuo
421 1937 525 2011 Tullo,
536 1958 595 2007 res,
609 1937 779 1998 institutum
786 1937 851 2016 jorn
864 1933 934 1996 ind'n
947 1937 985 1996 ab
996 1935 1084 1998 initio
1182 1987 1183 1998 ,

99 2026 174 2088 erat,
186 2017 224 2078 ed
246 2018 350 2077 Patres
370 2015 519 2085 rediernt;
539 2015 627 2093 hique
651 2015 829 2092 interregem
848 2013 1084 2088 nominaverunt,

97 2116 159 2177 quo
172 2095 292 2156 comitia
303 2091 441 2165 habente,
454 2093 573 2152 Ancum
586 2091 735 2152 Marcium
747 2111 848 2172 regern
860 2091 988 2172 populus
1002 2113 1084 2156 creo-

91 2176 160 2245 ¹rite
181 2171 285 2235 Patres
302 2169 386 2232 fuere
406 2175 551 2231 auctores.
590 2170 701 2231 Numae
722 2169 861 2252 Pompilii
881 2171 960 2253 regis
980 2191 1084 2254 nepos,

98 2253 163 2315 filie
176 2261 269 2322 crtus,
290 2253 392 2312 Auem
408 2249 541 2310 Marcius
553 2257 635 2323 ernt3
654 2250 715 2340 qui.
735 2254 770 2311 ut
789 2269 913 2340 regnore
933 2251 1084 2332 crepitet
1162 2271 1182 2341 -3

97 2332 195 2425 ovitae·
215 2330 320 2413 gloriae
343 2349 463 2400 mernor,
485 2335 518 2389 et
537 2327 608 2409 quin
627 2349 791 2410 proxumum
823 2349 956 2411 regnum,
983 2331 1084 2392 cetere

71 2427 259 2492 ,egregrunn
277 2411 314 2468 ah
336 2425 396 2466 uno
413 2411 498 2486 perte
517 2405 596 2468 houd
616 2408 690 2469 setis
742 2427 878 2487 osperum
899 2407 1007 2478 fueret,
1029 2418 1098 2490 epe.
1125 2465 1130 2483 Ι

98 2487 246 2568 neglectis
266 2484 469 2564 religionibus;
485 2489 538 2544 eut
555 2483 645 2565 preve
671 2501 708 2544 cn
722 2484 762 2544 tis
772 2503 782 2553 3
802 2475 1108 2564 longe''entiqr¹rissi.'‘
1135 2486 1139 2497 ·
1180 2507 1181 2516 2

97 2583 179 2624 mum
193 2568 285 2632 retus,
299 2579 382 2620 suern
395 2560 522 2640 publice,
534 2566 568 2619 ut
582 2561 619 2619 ab
631 2561 733 2622 Numa
744 2558 883 2621 institute
896 2567 989 2633 erunt,
1004 2561 1083 2625 face·

96 2659 152 2710 res
172 2639 271 2700 omnin
293 2657 329 2702 eu
341 2656 378 2700 ex
399 2635 618 2698 commentariis
640 2637 719 2720 regis
752 2635 912 2709 ontificrm,
930 2639 962 2701 in
982 2641 1082 2715 album

53 2709 65 2726 ⁸
97 2718 204 2790 relate,
216 2727 379 2800 proponere
391 2713 423 2805 in
436 2713 554 2806 publico
569 2713 676 2795 jubete
695 2657 751 2777 inl

97 2795 178 2890 pislis
199 2803 231 2858 et
243 2793 377 2858 finitimis
391 2793 560 2854 errrtotrbus
573 2793 682 2857 hctus
721 2815 746 2866 s,
764 2794 796 2856 in
820 2796 868 2857 avi
881 2817 978 2860 mores
991 2805 1022 2860 nt
1045 2819 1083 2862 ue

97 2874 238 2934 rnstituta
251 2891 349 2956 regem
370 2870 526 2932 obiturum.
565 2871 660 2954 igitur
719 2874 787 2950 tini,
799 2894 868 2936 curn
880 2875 996 2956 quibus,
1038 2879 1084 2940 ul-

97 2951 128 3010 lo
154 2959 308 3031 regnante,
332 2950 426 3014 ictum
451 2949 551 3014 foedus
574 2957 648 3024 erat,
673 2953 857 3016 sustulerant
882 2955 1016 3028 nnimos;
1041 2963 1084 3030 ets

96 3047 190 3106 quum
202 3029 402 3092 incursionem
415 3028 446 3090 in
498 3051 562 3092 rum
574 3031 740 3098 Romanurn
754 3031 906 3106 fecissent,
922 3055 955 3096 re
1007 3035 1084 3096 enti-

96 3106 154 3165 bus
165 3125 214 3165 res
227 3107 370 3167 Romanis
381 3111 487 3186 superb
517 3129 691 3188 responsum
704 3110 855 3183 reddunlm
875 3110 940 3173 desi
962 3133 1008 3176 sm
1022 3113 1096 3173 Rc·-

749 2736 765 2777 e
785 2720 817 2778 et
838 2704 952 2780 civibus
965 2719 1018 2780 otii
1031 2740 1083 2781 cn·
1179 2759 1180 2768 ÷

96 3199 221 3242 manum
233 3200 333 3264 regern
346 3183 424 3243 inter
437 3186 546 3246 sacella
560 3192 592 3244 et
601 3206 668 3248 urus
681 3194 816 3250 acturum
826 3207 893 3250 esse
905 3209 1028 3271 regnum
1036 3210 1083 3252 rs·
1178 3199 1179 3250 l

94 3259 131 3320 ti.
172 3259 309 3322 Medium
323 3265 387 3320 eret
399 3259 431 3319 in
444 3261 531 3321 Anco
543 3261 708 3339 ingenium,
723 3271 765 3336 et,
774 3265 900 3338 Numae,
917 3273 947 3326 et
960 3268 1082 3330 Romuli

97 3355 231 3409 memor;
252 3344 293 3408 et,
304 3344 503 3418 praeterquem
514 3337 595 3418 quod
606 3340 654 3400 evi
667 3361 758 3422 regno
770 3342 865 3425 magis
883 3345 1082 3408 necessarium

94 3412 191 3476 fuisse
204 3435 309 3496 pacem
323 3415 471 3489 credebat,
491 3435 583 3500 quum
596 3417 627 3478 in
648 3437 736 3494 noro,
755 3425 819 3480 tum
839 3419 932 3484 feroci
973 3425 1061 3506 opulo
1071 3445 1083 3499 5

93 3491 199 3582 etiam,
211 3493 292 3573 quod
305 3494 351 3556 illi
371 3493 544 3575 contigisset
556 3478 657 3569 otiurir,
669 3497 734 3560 sine
744 3493 852 3579 injutis
862 3497 894 3562 id
907 3520 940 3564 se
952 3443 1030 3566 inuti
1038 3503 1081 3566 ln·

96 3567 356 3646 cristianorum
374 3573 679 3654 tentoripntientiom,
699 3582 731 3638 et
743 3583 889 3642 tentatam
909 3583 1079 3666 contemnis

94 3650 291 3732 temporeque
304 3669 371 3716 esse
393 3649 484 3718 'tullo
496 3653 560 3734 regi
571 3654 697 3740 aptiora,
714 3671 806 3738 tm
818 3656 941 3728 Nunae.
981 3663 1080 3728 oter

707 4021 731 4084 l
