2372 4116
517 197 645 260 LIBER
664 197 702 259 l'.
1028 201 1088 265 2³9

115 371 214 416 arcem
227 352 462 436 Capitoliumque
476 353 653 414 concedere:
673 354 819 436 armisque
830 321 1085 420 sttrumentoeol·
1184 357 1185 362 ’

115 431 194 504 latis,
206 453 243 495 ex
262 433 327 494 loeo
348 433 419 495 inde
439 431 553 494 munito
571 433 651 492 Deos
670 431 861 513 hominesque
875 443 906 496 et
920 439 1085 498 Romanum

0 513 1 552 ἶ
114 531 223 580 nomen
236 511 403 574 defendere.
442 510 605 572 Flaminem
618 503 845 590 sacerdotesque
857 513 992 576 Vestales
1001 535 1086 576 seem
1184 517 1185 522 ’

113 591 232 670 publiea
246 589 263 654 t.
277 593 372 663 caede,
384 591 420 650 ab
430 588 575 651 incendiis
586 589 687 670 procul
698 590 836 650 autema:
856 609 911 652 nee
922 593 992 654 antd
1002 593 1087 654 dese·

0 689 1 696 ¹
114 668 141 728 ri
155 669 264 730 cultum
285 690 398 741 eorum,
410 668 500 747 quim
520 687 579 730 uon
592 673 789 746 superessent,
808 668 860 748 qui
874 669 1014 732 colerent.
1054 671 1088 730 Si

114 767 167 808 arx
176 746 427 826 Capitoliumque,
440 746 527 807 sedes
541 745 682 812 Deorum,
698 745 723 806 si
734 752 864 816 senatus,
877 755 966 827 caput
976 749 1089 830 publici

113 825 238 894 consilii,
251 825 277 886 si
291 824 426 888 militaris
441 826 584 904 juventus
605 823 784 902 'superfuerit
804 824 969 886 imminenti
990 826 1088 888 ruiuae

113 903 202 974 urbis,
216 902 333 964 facilem
345 905 494 983 jacturam
512 922 577 962 esse
598 902 755 971 seniorum,
772 902 887 964 relictae
902 903 932 963 in
946 906 1018 966 urbe
1030 906 1091 966 uti·

111 981 327 1060 'quo'periturae
350 983 463 1042 turhae:
484 985 602 1058 etque
623 980 653 1040 id
672 979 801 1058 aequiore
821 982 920 1042 animo
941 981 979 1042 de
1003 983 1091 1062 plebe

115 1059 277 1119 multitudo
290 1059 389 1128 ferret,
407 1077 493 1119 senes
507 1053 700 1137 triumphales
712 1059 942 1152 consularesque
956 1059 1046 1130 simul
1059 1080 1093 1122 se
1184 1113 1185 1118 ,

115 1136 258 1204 cumillis
273 1131 373 1217 palam.
381 1137 482 1198 dicere
495 1135 643 1207 obituros3
663 1135 776 1200 nechis
790 1142 969 1218 corporibus,
985 1135 1093 1216 quibus
1184 1183 1185 1206 2

116 1233 178 1275 nou
190 1227 275 1274 arma·
285 1215 371 1288 ferre,
385 1234 444 1275 non
460 1214 537 1274 tueri
555 1213 680 1292 petriam
700 1220 832 1294 possent,
845 1221 1017 1278 oneraturos
1029 1216 1095 1278 ino·

115 1292 394 1373 piamsarmatorum.
552 1351 556 1361 ,

133 1421 134 1426 ,
154 1371 220 1430 XL.
241 1372 317 1434 Haec
331 1373 410 1433 inber
423 1371 553 1432 seniores
569 1369 656 1430 morti
669 1369 832 1430 destinatos
841 1373 956 1450 jactata
975 1371 1092 1433 solatia.

100 1448 220 1512 ‘Versae
233 1449 304 1510 inde
324 1447 543 1509 adhortationes
556 1446 594 1506 ad
607 1465 711 1526 agmen
722 1449 875 1526 juvenum,
893 1467 967 1528 quos
990 1448 1022 1511 in
1036 1450 1094 1509 Ga·

116 1527 251 1607 pitolium
271 1533 360 1605 atque
386 1525 419 1586 in
441 1525 823 1604 urcem'prosequebaatur,
849 1525 1093 1588 commendantes

80 1614 84 1616 ’
116 1603 221 1664 virtuti
236 1624 336 1666 eorum
345 1607 539 1684 juventaeque
552 1601 631 1665 urbis
645 1622 698 1681 per
710 1609 860 1664 trecentos
875 1603 1029 1685 sexaginta
1042 1623 1094 1665 an·

117 1701 173 1744 nos
187 1683 319 1743 omnibus
339 1682 425 1745 bellis
446 1681 585 1751 victricis,
605 1700 793 1760 quaecunque
806 1682 920 1762 reliqua
933 1687 1023 1768 esset
1036 1681 1095 1744 for·
1134 1685 1138 1688 ’

118 1766 229 1820 tunam.
269 1761 518 1842 Digredieutibus,
538 1758 589 1838 qui
612 1779 694 1838 spem
710 1779 825 1820 omnem
839 1767 928 1840 atque
942 1781 1027 1840 opem
1051 1781 1096 1822 so·

119 1858 187 1900 cum
207 1837 348 1911 serebant,
360 1841 396 1900 ab
415 1839 462 1910 iis,
474 1839 526 1920 qui
539 1843 635 1918 captae
650 1837 729 1896 urbis
742 1857 803 1898 non
817 1855 970 1918 superesse
984 1844 1095 1900 statue·
1151 1851 1154 1854 '

116 1922 186 1978 rant
199 1916 307 1990 exiti03
327 1938 418 1998 quum
430 1918 495 1998 ipsa
508 1937 555 1978 res
567 1915 740 2007 speciesque
753 1916 928 1978 miserabilis
941 1923 1016 1989 erat,
1030 1923 1094 1978 tum

1 2015 2 2086 ἐ
117 1991 268 2057 muliebris
281 1996 368 2058 lletus
382 2001 413 2057 et
425 2001 611 2057 concursatio
634 1999 754 2064 inserta,
775 2015 855 2056 nuuc
868 1994 922 2055 hos
933 2014 1013 2056 nuuc
1026 1995 1096 2056 illos

116 2073 313 2153 sequentium,
326 2075 576 2156 rogitantiumque
589 2072 666 2132 viros
678 2077 834 2154 natosque,
854 2074 902 2134 cui
916 2094 949 2144 se
963 2073 1025 2134 sato
1042 2073 1095 2134 da·

116 2157 195 2223 rent,
208 2150 289 2222 nihil,
309 2153 386 2234 quod
409 2152 543 2226 humanis
565 2155 733 2231 superesset
754 2153 848 2220 malis.
871 2152 1078 2230 relinquebant
1085 2173 1095 2224 ;

1 2295 2 2302 χ
114 2249 224 2310 magna
283 2252 312 2290 rs
333 2239 433 2292 tamen
454 2241 555 2293 earum
573 2229 605 2288 in
626 2247 723 2289 arcem
745 2247 813 2292 suos
836 2236 1000 2310 prosecutae
1015 2237 1095 2301 sunt,

1 2309 2 2376 l
116 2328 175 2376 nee
190 2326 242 2387 pro
262 2308 360 2370 ibente
373 2309 443 2378 ullo,
462 2329 519 2370 nee
532 2314 656 2367 vocante
666 2309 775 2396 aquia,
784 2307 867 2444 quod
882 2307 954 2368 utile
968 2307 1096 2370 obsessis

114 2386 155 2448 ad
170 2385 359 2446 minuendam
374 2387 520 2447 imbellem
533 2384 783 2462 multitudinemi
817 2405 921 2465 parum
934 2385 1095 2448 humanum

0 2494 1 2505 ¹
117 2469 208 2526 erat.'
235 2465 303 2525 Alia
315 2464 441 2526 maximi
451 2465 548 2545 plebis
568 2463 665 2532 turba,
681 2482 769 2542 quam
784 2484 837 2524 nee
853 2483 959 2556 capere
973 2469 1032 2524 tam
1047 2484 1097 2526 ex·

116 2534 205 2624 iguus
220 2543 313 2615 collis,
326 2543 474 2608 recalere
497 2543 529 2602 in
542 2546 627 2602 tanta
640 2539 743 2622 iuopia¹
759 2539 900 2616 frumenta
921 2537 1097 2679 potetates

6 2621 11 2632 ''
79 2648 82 2654 ·
117 2622 191 2684 urbe
212 2621 305 2684 effusa
324 2621 408 2682 velut
428 2621 543 2702 agmine
562 2621 625 2700 jam
650 2639 709 2680 uno
723 2619 808 2699 petiit
820 2620 924 2686 Janieo
939 2639 1004 2692 um;
1024 2613 1097 2682 inde

0 2858 1 2893 l
117 2855 256 2916 munibus
270 2853 440 2937 deploratis,
448 2859 652 2932 exsequentes.
691 2852 715 2910 Β

116 2719 188 2780 pars
198 2719 252 2780 per
263 2719 348 2782 agrns
360 2699 479 2779 dilapsi,
490 2708 559 2780 pars
571 2700 655 2758 urbes
679 2703 783 2778 petunt
796 2693 945 2769 finitimas,
952 2693 1019 2760 ¹sine
1034 2698 1096 2780 ullo

117 2777 197 2840 duce
217 2783 269 2837 aut
281 2797 437 2846 consensor
459 2796 542 2836 suam
562 2777 687 2854 quisque
701 2795 792 2912 spem,
804 2795 858 2836 sua
871 2776 1003 2846 consilia,
1017 2796 1096 2837 eom·

728 2873 815 2914 amen
829 2853 944 2914 interim
960 2853 1096 2928 Quirina·

118 2931 525 3016 lis-uirginesqueVestales,
545 2930 653 2993 omissi
674 2949 771 2992 rerum
793 2950 910 2991 suarum
933 2937 1096 3012 eurt‘quae

0 3004 1 3021 ¹
119 3031 269 3088 sacrorum
283 3031 383 3073 secum
396 3007 528 3081 ferenda,
548 3028 607 3088 que
628 3009 708 3090 (quia
723 3009 799 3075 vires
812 3009 851 3070 ad
865 3009 1095 3074 ornniaferenda

1 3131 2 3134 κ
118 3085 258 3168 deerant)
276 3087 470 3168 relinquenda
494 3092 603 3158 esseut,
616 3087 826 3158 consultantes,
846 3087 952 3168 quisve
963 3108 998 3150 ea
1012 3089 1096 3160 locus

119 3167 203 3245 fideli
216 3165 418 3236 asservatums
439 3165 573 3232 custodit
587 3169 684 3234 esset3
703 3165 846 3244 optimum
860 3167 982 3239 ducunt,
995 3167 1097 3228 eondi-

119 3251 153 3312 u
166 3245 196 3305 in
210 3243 327 3306 doliolis
339 3243 450 3306 sacello
459 3243 591 3324 proximo
606 3242 718 3303 aedibus
731 3243 857 3305 flaminis
866 3243 1035 3320 Quirinalis,
1044 3245 1093 3306 ubi

0 3407 1 3414 ἵ
61 3372 64 3378 ,
121 3341 207 3387 nune
223 3323 328 3404 despui
349 3322 451 3403 religio
472 3328 527 3392 est,
541 3321 703 3393 .delodere;
724 3327 833 3396 cetera,
845 3323 931 3384 'inter
954 3341 986 3382 ss
1004 3342 1095 3385 onere

122 3403 242 3538 partito,
253 3401 353 3462 ferunt
371 3401 434 3472 viai,
441 3401 510 3480 q'uae
525 3420 539 3461 s
559 3447 560 3450 ,
576 3393 647 3480 ¹licio
661 3405 749 3480 ponte
759 3401 843 3462 ducit
855 3401 893 3460 ad
916 3398 1095 3480 ianiculum.
1184 3413 1185 3430 ³

141 3494 159 3536 n
174 3497 209 3538 eo
221 3479 299 3554 clivo
312 3491 366 3541 eas·
375 3485 465 3560 qubus
480 3479 515 3540 L.
530 3480 559 3538 A*
588 3479 675 3548 iuius,
687 3479 724 3540 de
736 3480 828 3558 plebe
850 3477 982 3549 Romana
998 3478 1095 3554 bomo,

124 3557 333 3635 conspexisset,
344 3558 477 3640 plaustro
489 3558 642 3702 copipugem
656 3575 690 3616 ac
704 3556 811 3618 liberos
825 3557 935 3618 vehens
955 3557 1032 3618 inter
1045 3577 1096 3618 ee·
1184 3567 1185 3572 ’

559 3633 595 3726 ᾖξ’
609 3634 688 3723 bello
710 3633 984 3722 urbecxcedebat,
1009 3633 1094 3726 salve

1 3727 2 3736 Ν
120 3637 359 3744 annueram,
380 3643 449 3728 aas
470 3636 523 3724 no

262 3790 267 3800 ι
282 3797 285 3800 .
