2388 4120
694 273 746 350 ‘J

117 365 183 424 Xlr.
204 363 281 422 Turn
295 366 438 423 metronoe
451 359 489 420 ud
504 359 668 429 Veturiam,
682 362 804 449 mutrepu
819 353 979 432 Coriolani,
992 355 1058 425 Vos

75 440 274 518 lumniamque
288 459 408 498 uxorem
430 438 604 520 frefflrentes
628 442 751 496 erubunt:
772 437 803 495 1d
820 437 1053 517 publicum'con-

71 521 184 601 silium,
197 538 234 577 an
248 517 398 577 muliebris
412 510 500 576 timor
521 512 620 584 fuerit,
634 513 736 594 parum
749 514 876 576 invenio.
916 513 1055 608 PQ

74 603 109 658 le
123 597 211 666 certe,
224 601 258 654 ut
280 601 311 656 et
335 594 464 664 Veturio,
478 614 583 676 magno
606 603 678 656 natu
704 592 817 662 mulier,
840 598 871 653 et
888 592 1057 664 Volumnia,

78 665 151 736 duos
164 693 270 766 parvos
284 694 321 734 ex
345 673 459 732 Marcio
473 672 571 732 ferens
593 672 679 740 lilios,
697 689 797 732 secum
819 671 850 730 in
871 677 968 732 cestra
988 671 1058 733 lios·

75 753 150 814 tium
163 759 258 814 irent:
278 758 318 821 et,
335 771 422 830 quarn
436 751 525 810 armis
544 749 601 808 uiri
622 747 782 810 defendere
801 749 901 818 urbem
916 767 974 808 non
988 769 1059 830 pos·

81 837 157 902 sent,
169 829 307 892 mulieres
321 830 456 910 precibus
477 827 666 906 lacrimisque
687 826 894 888 defenderent.
935 828 993 886 Ubi
1016 825 1058 888 ud

76 915 174 972 castra
189 914 310 968 ventum
324 913 380 977 est,
399 905 632 986 nunciatumque
644 905 810 974 Coriolrlno,
831 905 936 964 adesse
949 908 1056 986 ingens

76 987 233 1048 mulierum
247 1005 363 1064 agmen,
377 988 406 1046 in
421 986 514 1065 primo
536 985 644 1064 (utqui
659 1005 714 1046 nec
728 983 847 1065 publicet
860 985 1057 1062 majestatem

75 1063 191 1144 legatis,
203 1083 260 1124 nec
274 1059 304 1123 in
317 1063 518 1124 sacerdotibus
528 1062 833 1146 tfflldfflsds‘ltllls.
847 1061 1060 1140 animosum·

80 1142 190 1222 ligione
214 1147 310 1202 motus
334 1139 425 1216 esset)
448 1142 541 1199 multo
563 1142 735 1202 obstinatior
759 1140 901 1212 adversus
921 1137 1060 1209 lacrimas

16 1285 17 1288 Ἴ
78 1219 236 1290 muliebres
258 1225 331 1278 erat.
378 1216 456 1276 Dein
478 1217 665 1280 familiarium
672 1218 810 1352 puidam,
830 1219 881 1297 qui
908 1217 1061 1296 insignem

79 1297 225 1358 moestitia
245 1294 324 1357 inter
337 1301 451 1355 ceteras
472 1304 650 1388 cognoverat
699 1295 835 1360 eturiam.
854 1297 932 1356 inter
951 1302 1071 1357 norum¹¹

79 1381 264 1456 nepotesque
285 1379 425 1444 stentem,
447 1373 543 1435 “Nisi
564 1395 609 1434 me
631 1373 823 1454 frustantur‚”
836 1374 865 1434 in
890 1373 943 1444 uit,
963 1382 1062 1436 “ocu·
1095 1407 1097 1414 =

78 1453 112 1526 li,
124 1461 220 1514 muter
232 1451 285 1512 tibi
300 1450 465 1532 conjuxque
478 1459 510 1516 et
523 1453 608 1513 liberi
620 1453 755 1514 adsunt.”
794 1396 978 1524 bondonis,
991 1472 1059 1533 pro·

79 1553 117 1614 pe
131 1536 164 1590 ut
186 1551 288 1592 umens
302 1536 518 1600 consternatus,
537 1533 572 1591 ab
587 1531 657 1592 sede
679 1551 732 1592 suu
752 1549 844 1610 quum
865 1531 956 1592 ferret
970 1530 1059 1591 matri

78 1609 172 1668 obviae
187 1607 383 1688 complexum,
405 1610 511 1670 mulier
525 1610 556 1670 in
579 1611 653 1669 irem
666 1631 703 1670 ex
724 1610 859 1690 precibus
872 1629 966 1679 versa,
986 1609 1060 1668 “Si-

25 1732 31 1742 .
78 1707 128 1756 ne,
150 1687 322 1768 priusquam
348 1687 533 1766 complexum
554 1687 677 1768 occipio,
702 1689 819 1757 sciatur
846 1687 954 1766 inquit,
987 1687 1057 1760 “ud

77 1764 202 1836 hostem,
214 1785 253 1824 nn
276 1763 314 1823 ed
334 1763 428 1826 filium
448 1767 596 1830 venerim:
620 1766 737 1858 captive
749 1767 883 1846 materne
897 1765 927 1826 in
950 1764 1057 1840 cpstris

78 1843 138 1904 tuis
153 1843 227 1904 sim?
247 1843 278 1902 in
291 1841 346 1902 hoc
361 1863 406 1902 nie
420 1843 507 1924 longa
522 1846 594 1918 vite,
607 1852 639 1906 et
652 1844 755 1906 infelix
770 1851 890 1920 senecta
903 1844 1013 1915 traxit,·
1024 1848 1058 1912 ut

80 1921 212 1982 exsulem
225 1927 266 1990 te,
276 1919 384 1981 deinde
396 1921 509 1982 hostem
523 1923 652 1982 viderem
666 1919 678 1981 l
699 1920 824 1998 Potuisti
835 1923 970 2004 populari
981 1921 1059 1982 hunc

78 2003 201 2066 terram,
212 2017 281 2080 quoe
295 2003 326 2058 te
339 2000 441 2077 genuit
461 2007 551 2080 atque
565 2000 657 2068 oluit?
687 2000 758 2062 Non
779 2001 843 2069 tibi,
866 2000 1000 2080 quamvis
1014 2001 1059 2061 in·

79 2075 157 2138 festo
170 2077 267 2138 animo
281 2083 312 2135 et
323 2077 430 2136 minaci
442 2097 630 2156 perveneras,
643 2078 821 2160 ingredienti
835 2077 967 2139 fines-iro
982 2080 1058 2140 ceci·

81 2155 148 2217 dit?
167 2173 237 2226 non,
247 2173 337 2234 quom
351 2153 382 2215 in
397 2161 556 2234 conspectu
577 2157 671 2216 Roma
685 2155 750 2230 fuit,
763 2157 919 2227 succurrit,
935 2157 1013 2216 intre
1024 2159 1061 2220 il·

81 2233 112 2293 la
132 2233 243 2298 moenia
264 2230 368 2292 domus
385 2253 424 2293 uc
440 2239 561 2310 penates
581 2235 638 2294 mei
661 2241 742 2306 sunt,
766 2243 869 2305 meter,
888 2237 1011 2315 conjux,
1024 2236 1060 2296 li·

80 2312 222 2392 beriquel
243 2311 320 2392 Ergo
334 2331 350 2372 e
371 2311 458 2373 onisi
469 2311 683 2404 ‚perperissem
697 2314 791 2377 Romu
805 2335 864 2374 uon
878 2333 1060 2393 oppugnare·

80 2395 155 2463 tur3.
165 2391 222 2454 nisi
246 2389 340 2466 filium
351 2333 504 2460 iuberem,
517 2391 609 2452 libera
628 2392 660 2468 iu
674 2391 763 2450 libere
778 2393 872 2470 patrie
885 2401 999 2449 mortua
1012 2412 1058 2450 es·

80 2489 152 2532 sem.
193 2468 252 2528 Sed
266 2487 320 2545 ego
334 2467 405 2525 nihil
423 2469 486 2544 jorn
500 2469 573 2546 peti,
594 2486 648 2526 nec
667 2467 724 2540 ¹tibi
745 2469 859 2546 turpius
882 2466 971 2543 quil-nn
985 2469 1056 2528 mihi

23 2571 25 2575 ’
82 2547 228 2614 miserius,
241 2563 382 2622 possum:
402 2563 467 2610 nec,
485 2552 519 2602 ut
543 2543 598 2601 sim
619 2543 792 2610 miserrima.
804 2545 855 2602 diu
870 2545 968 2602 lutura
982 2563 1057 2602 sum.

81 2623 128 2684 De
138 2623 183 2683 his
193 2619 313 2703 videris}
321 2637 405 2698 quos,
419 2619 443 2677 si
453 2619 558 2698 pergis,
572 2625 623 2678 aut
639 2619 795 2678 immatura
812 2639 899 2689 moro,
911 2621 1057 2698 eutlongc

81 2702 206 2762 servitus
216 2701 339 2757 munet”
360 2697 442 2756 Uxor
450 2697 557 2756 deinde
567 2716 601 2756 ec
611 2697 693 2756 liberi
706 2698 834 2778 amplexi
846 2719 854 2766 ;
865 2698 1010 2776 fletusque
1021 2699 1059 2758 ab

63 213 111 309 ,Ψ
279 203 283 212 ¹
313 217 314 224 ἵ
472 201 510 263 Τ·
532 201 646 268 Hm
669 231 744 330 ,1107
754 212 866 295 snaed:
880 210 1089 287 ci’adrwt

80 2778 237 2838 omniurba
245 2775 399 2835 mulierum
410 2782 499 2844 ortus,
513 2781 544 2834 et
551 2776 793 2914 comploratiosui
801 2774 974 2854 patrieque,
982 2776 1062 2856 leeg-s

79 2877 129 2916 ere
138 2844 258 2916 tandem
268 2854 372 2914 virum.
388 2851 571 2934 ¹C‘ourrplexus
582 2854 611 2913 in
636 2875 731 2914 esuos
740 2853 865 2920 dimittit
874 2876 885 2914 r⁴
902 2857 966 2934 ipse
978 2855 1057 2928 retrb
1109 2907 1116 2919 ,

62 2936 114 3010 fab
136 2936 205 2995 urbe
227 2939 326 2992 castra
341 2933 438 2991 movit.
478 2931 626 3003 Abductis
638 2930 746 2994 deinde
762 2934 923 3014 legionibus
937 2953 973 2993 ex
988 2954 1057 3014 egro

80 3007 225 3083 Romano,
239 3009 352 3070 invidie
374 3011 417 3070 rei
436 3031 607 3091 oppressum
629 3011 752 3090 periisse
774 3013 915 3086 trudunt3
935 3011 984 3072 ulii
999 3013 1074 3072 elio·

15 3143 16 3146 ,
81 3088 151 3148 leto.
192 3090 281 3169 Apud
297 3089 429 3158 Fabium,
440 3089 777 3169 longd'ontiquissimum
792 3098 950 3165 auctorem,
963 3110 1057 3168 usque

81 3167 120 3242 ad
134 3173 318 3228 senectutem
332 3167 440 3224 vixisse
455 3168 582 3244 eundern
596 3164 723 3228 inuenio.
762 3171 866 3230 Refert
879 3169 968 3237 certd,
981 3167 1058 3228 lianc

80 3265 162 3326 saepe
177 3265 245 3306 eum
260 3248 364 3304 exacte
379 3247 468 3301 rotate
483 3248 640 3322 usurpbsse
655 3265 766 3314 vocem,
787 3257 802 3280 ‘⁶
813 3247 911 3306 Multo
921 3245 1058 3306 miserius

15 3385 16 3388 ,
80 3323 150 3399 seni·
165 3321 299 3382 exsilium
315 3327 406 3382 essc.”
445 3319 516 3380 Non
537 3319 708 3382 inviderunt
722 3323 826 3384 leudes
847 3344 914 3402 sues
929 3322 1055 3384 mulieri·

53 3448 60 3460 .
79 3405 132 3462 bus
146 3401 202 3461 viri
220 3398 364 3472 Romani}
385 3397 460 3458 odeb
474 3398 536 3461 eine
551 3399 764 3480 obtrectatione
777 3401 879 3480 glor-lue
894 3402 1000 3461 alienae
1017 3403 1058 3462 ui·

78 3480 209 3541 vebotur.
250 3479 444 3538 Monumento
458 3498 574 3557 quoque
596 3477 673 3555 quod
688 3488 776 3548 esset,
797 3483 939 3560 ternplum
954 3481 1056 3540 Furtu-

78 3576 126 3618 nae
152 3557 286 3618 muliebri
301 3556 482 3617 reedificatum
497 3556 724 3634 dedicatumque
738 3561 792 3616 est.
832 3557 1056 3620 Redieredeiu·
1101 3570 1103 3574 ’

77 3635 115 3700 de
141 3635 251 3709 Vulsci,
278 3635 428 3716 adjunctis
452 3633 572 3716 dliquis,
595 3633 630 3696 -in
657 3654 759 3715 agrum
786 3635 971 3712 Romanum
1002 3637 1062 3700 sed·
