2394 4138
536 216 726 284 nissen.
797 281 809 304 ,⁴
910 201 914 210 '
1081 222 1119 284 es

18 338 39 466 i
140 377 199 438 ruti
213 363 330 451 essetis,
342 376 528 443 moriendum
541 379 674 440 omuibus
693 377 771 440 fuit?
789 376 909 440 Bellum
932 375 1015 438 vobis
1029 373 1122 437 indic-

138 461 204 516 tum
217 463 281 527 est;
301 477 407 537 megno
421 477 523 522 eorum
537 458 623 528 malo,
636 457 687 536 qui
700 457 845 528 indixere,
867 458 893 520 si
906 453 963 516 viri
984 453 1124 516 estis&

127 534 190 597 ,lta
202 542 234 595 et
248 541 303 596 sui
324 543 430 616 sponte
444 536 555 597 irarum
568 535 659 616 pleni,
671 542 702 596 et
722 535 847 607 incitati,
869 537 972 596 domos
994 533 1064 594 inde
1078 533 1123 591 di.

134 613 233 694 gressi
247 621 336 686 sont;
359 614 587 695 instigandoque
610 633 679 672 suos
703 615 829 693 quisque
850 614 973 696 populos
986 611 1122 678 effecere,
1170 653 1173 660 -

136 698 175 752 ut
186 690 273 753 olnn‘e
287 693 432 754 Volscum
443 712 552 754 nomen
566 691 716 753 deiiceret.
726 721 838 774 offl-
847 697 909 761 [C
921 707 935 716 ·’

179 770 322 830 XXXIX.
340 773 389 850 lm
408 779 538 832 emtores
559 771 598 830 ad
617 769 648 828 id
662 771 772 832 bellum
795 771 834 833 de
848 771 981 832 omnium
999 787 1033 850 ps.
1059 767 1121 828 ulo·

103 907 108 916 ,
138 867 206 908 rum
222 854 372 910 sententia
384 791 457 909 iicti
472 850 573 908 Attius
587 848 696 908 Tullus
716 857 746 910 et
769 849 805 910 C.
817 849 951 910 Marcius
965 868 1034 908 exsu
1063 847 1121 904 llo·

137 945 258 996 manus,
271 926 303 986 in
324 947 384 1006 quo
396 927 548 1006 aliquanto
582 927 629 984 lus
643 926 706 1006 spei
720 929 891 1008 repositum.
929 927 1022 1000 Quam
1036 937 1121 1016 spem

136 1014 330 1085 nequaquam
352 1005 458 1066 fefellit
470 1027 479 1076 3
500 1009 534 1066 ut
584 1003 643 1064 nile
663 1012 828 1086 appareret,
850 1004 973 1065 ducibus
998 1002 1120 1063 validio-

138 1101 215 1152 rem,
228 1082 317 1163 quim
327 1084 473 1152 'enercitu¹
485 1103 547 1145 rem
560 1083 722 1142 Romanam
736 1103 810 1144 esse.
850 1083 983 1163 Circejos
1007 1079 1120 1162 profec-

137 1164 201 1230 tus,
214 1161 340 1240 primdm
354 1162 472 1221 colonos
486 1162 555 1222 inde
570 1161 718 1222 Romanos
732 1160 854 1242 expulit,
863 1161 1042 1240 liberamque
1052 1175 1119 1218 eam

135 1241 240 1298 urbem
257 1239 371 1300 Volscis
385 1237 516 1300 tradidit
556 1238 641 1309 Inde,
653 1237 834 1300 in'lmtinam
849 1238 926 1300 viam
939 1237 1117 1300 transversis

132 1316 303 1377 tramitibus
328 1323 540 1396 transgressus,
569 1315 725 1387 Satricum,
749 1310 923 1402 Longulam,
949 1317 1117 1390 Poluscam,

136 1387 281 1464 Coriolos,
292 1395 409 1456 novella
423 1395 496 1455 lraec
518 1394 660 1454 Romanis
684 1415 721 1476 op
742 1392 792 1471 ida
811 1397 931 1456 ademit.
970 1393 1045 1454 lude
1061 1393 1119 1455 La·

114 1511 119 1520 ›
136 1471 250 1533 vinium
262 1471 376 1548 recepit
383 1483 396 1532 ἐ
416 1482 488 1534 tunc
501 1473 645 1552 deinceps
658 1417 847 1546 Codrionem,
860 1469 1025 1542 Vitelliam,
1042 1473 1118 1533 ure-

136 1552 223 1622 biam‚
237 1553 374 1624 ¹linricus,
396 1551 509 1612 Pedum
524 1551 612 1642 cepit.
649 1551 836 1612 Postremum
851 1549 887 1611 ad
897 1553 998 1611 urbem
1011 1549 1117 1611 ePedo

135 1630 238 1702 ducite
259 1639 300 1702 ct,
312 1630 349 1690 ad
364 1630 458 1707 Quas
475 1629 600 1690 Oluilras
611 1629 742 1710 quinque
751 1631 866 1690 ab'urbe
878 1629 970 1690 millia
977 1645 1122 1708 passuum

136 1709 242 1772 castris
253 1709 368 1789 positis,
377 1708 534 1788 populatur·
546 1706 617 1766 inde
631 1711 732 1788 agrum
747 1707 928 1778 Romanum
945 1707 1115 1768 custodibus

134 1787 214 1848 inter
226 1787 416 1868 populatores
431 1786 537 1856 missis,
550 1785 600 1864 qui
617 1786 804 1862 patriciorum
855 1806 902 1845 ros
913 1784 1041 1846 intactos
1055 1805 1115 1846 ser·

137 1875 262 1926 verente
283 1867 345 1926 sive
359 1863 490 1924 intensas
504 1863 583 1944 plebi
597 1861 700 1942 magis,
714 1861 777 1923 sive
788 1885 806 1922 u
851 1863 978 1924 iscordia
990 1863 1060 1924 inde
1071 1863 1115 1924 in-

19 1995 20 2000 ,
134 1947 189 2004 ter·
206 1944 317 2004 Patres·
331 1943 504 2023 plebemque
527 1941 660 2002 oriretur.
697 1941 773 2016 Quae
788 1939 920 2022 profectb
941 1945 1006 2001 orta
1027 1943 1117 2016 esset,

135 2021 213 2082 aded
226 2021 333 2083 tribuni
343 2023 407 2100 jam
419 2021 547 2081 ferocem
562 2039 614 2097 per
628 2037 660 2079 se
681 2019 794 2100 plebem
809 2019 992 2080 criminando
1005 2020 1035 2079 in
1056 2021 1115 2100 pri-⁴

135 2117 234 2160 mores
247 2099 376 2160 ciuitatis
396 2099 594 2178 instigabantz
615 2097 668 2158 sed
681 2101 821 2158 externus
840 2099 935 2168 timor,
953 2097 1114 2158 maximum

137 2178 305 2237 concordie
320 2177 482 2249 vinculum,
501 2175 634 2255 quamvis
654 2185 808 2256 suspectos
831 2177 1021 2256 infensosque
1034 2177 1114 2240 inter

138 2271 172 2314 se
179 2255 324 2336 jungebat
335 2255 457 2315 animos.
496 2255 532 2313 ld
554 2254 640 2313 mone
661 2274 719 2314 non
740 2256 953 2324 conveniebam
974 2255 1054 2334 qubd
1068 2275 1114 2315 se·

136 2339 228 2394 natus
252 2333 445 2412 consulesque
458 2349 601 2412 nusquam
615 2331 683 2392 alibi
696 2331 787 2412 spem,
801 2333 891 2412 quim
904 2333 935 2392 in
949 2333 1050 2403 armis,
1064 2351 1114 2412 po·

135 2411 270 2486 nebant:
291 2412 390 2492 plebes
411 2407 520 2480 omnia,
542 2427 630 2488 quam
650 2411 770 2481 bellum,
794 2414 929 2473 malebat.
969 2411 1018 2491 sp.
1032 2409 1115 2471 Nau-

135 2487 198 2549 tius
206 2492 270 2570 J'am
283 2495 315 2551 et
329 2489 396 2550 Sex.
420 2487 674 2550 Furiusconsules
696 2496 789 2550 erant.
830 2491 901 2560 Eos,
921 2495 1113 2550 recensentes

138 2567 278 2649 legiones,
298 2566 438 2648 praesidia
458 2585 513 2648 per
533 2584 634 2628 muros
652 2567 778 2647 aliaque,
798 2569 828 2629 in
850 2569 955 2648 quibus
969 2566 1113 2630 stationes

137 2645 312 2726 vigiliasque
325 2665 390 2707 esse
404 2645 565 2726 placuerat,
578 2647 643 2706 loca
657 2647 876 2718 distribuentes,
898 2647 1056 2707 multitudo
1069 2647 1115 2708 in-

136 2741 209 2806 gens
228 2745 331 2805 pacem
344 2725 530 2806 poscentium
550 2723 678 2806 primdrn
693 2724 833 2784 seditioso
857 2726 983 2800 clamore
999 2729 1114 2784 conter·
1160 2725 1161 2728 ’

135 2803 213 2874 ruit;
233 2803 341 2879 deinde
356 2819 459 2862 vocare
473 2811 619 2871 senatum,
637 2801 747 2862 referre
761 2801 800 2861 de
813 2802 918 2881 legatis
931 2801 969 2860 ad
984 2803 1019 2860 Ο.
1032 2803 1113 2862 Mar-

83 2911 90 2926 ·
134 2879 214 2940 oium
241 2880 394 2942 mittendis
415 2879 523 2960 coegit,
574 2883 767 2959 Acceperunt
789 2879 963 2960 relq‘tiqnem
987 2879 1090 2940 Patres
1102 2903 1134 2954 ;.
1177 2933 1178 2938 ,

136 2965 292 3040 postquam
306 2955 450 3039 apparuit,
463 2958 560 3028 labere
575 2957 668 3036 plebis
682 2957 813 3026 animos;
833 2948 972 3035 missique
986 2955 1023 3018 de
1038 2978 1112 3040 pace

136 3037 174 3096 ad
195 3037 347 3096 ¹Marcium
371 3041 502 3095 oratores
528 3043 614 3094 atrox
637 3053 809 3125 responsum
835 3036 1018 3098 retulerunt:
1048 3037 1111 3101 “Si

136 3113 254 3176 Volscis
268 3133 338 3195 ager
351 3111 535 3182 redderetur,
547 3131 633 3192 posse
652 3131 699 3193 egr
713 3113 751 3171 de
764 3131 855 3192 pace;
876 3113 900 3174 si
919 3115 1021 3194 praedt
1040 3115 1111 3176 belli

137 3211 190 3274 per
202 3181 294 3254 dnum
308 3191 366 3252 frui
379 3188 483 3261 velint,
494 3209 650 3252 memorem
661 3211 693 3251 se
706 3191 853 3252 etcivium
865 3193 991 3263 in'uriae,
1004 3201 1035 3255 et
1045 3195 1111 3254 liris·

137 3272 231 3352 pitum
245 3269 389 3338 benelicii,
401 3267 581 3340 adnisurum,
603 3276 637 3330 ut
657 3275 807 3407 appareat.
825 3215 929 3331 exsiiio
947 3271 1001 3330 sibi
1015 3271 1110 3346 irrite-

18 3421 19 3424 *
136 3358 191 3421 tos,
204 3369 263 3410 nou
283 3347 522 3418 fractos,auimos
540 3353 633 3410 esse.”
687 3353 784 3408 terum
800 3347 909 3410 deinde
922 3347 1012 3409 iidem
1028 3350 1119 3424 missis

18 3431 19 3440 ’
137 3445 197 3488 non
209 3429 392 3506 recipiuntur
405 3426 435 3486 in
450 3433 556 3488 castra.
595 3427 770 3488 Sacerdotes
780 3445 907 3506 quoque,
918 3425 978 3488 suis
989 3427 1108 3508 insigni·

135 3505 192 3564 bus
207 3507 327 3576 velatos,
343 3511 400 3566 isse
421 3505 570 3586 supplices
580 3505 621 3566 ad
638 3509 737 3566 castra
749 3504 886 3578 hostium,
898 3503 1040 3568 traditum
1053 3509 1107 3574 esi,
1177 3513 1178 3516 ’

137 3581 329 3666 nihilomagis
342 3583 432 3666 quim
442 3583 556 3722 lplgatos
566 3581 686 3646 flexisse
700 3582 838 3648 animum.

586 3785 615 3832 ‘l‘
688 3761 735 3812 ·..’
