2394 4138
101 189 140 246 80
346 229 358 283 Ι
505 173 544 238 Τ.
564 175 680 240 niun.
764 205 766 210 a

99 339 220 410 cissam,
230 337 268 400 ud
279 335 382 398 Patres
396 321 552 398 deierantr
573 336 627 398 sed
647 327 777 398 delitent
803 329 957 402 consulere
969 337 1084 404 'adine

53 461 56 466 ι
100 435 160 478 non
174 418 273 490 licuit3
294 415 370 477 edeb
382 413 564 476 nmultune
574 421 699 496 excepta
707 422 753 476 est
761 413 1086 499 clamoribusundique
1161 417 1182 498 J

100 501 133 558 et
144 495 344 578 indignatione
354 495 487 564 Petrum,
495 494 529 563 si,
537 493 617 574 quod
627 494 750 576 imperio
759 495 905 559 consulari
917 515 1086 576 exsequeu·
1181 513 1182 520 ’

101 575 171 636 dum
184 580 274 646 esset,
286 573 427 636 invidiam
442 576 506 654 ejus
520 574 657 634 consules
672 573 710 633 ad
725 580 860 636 senatum
873 573 1087 652 reficerent-

99 653 264 715 “Profectd
277 653 303 714 si
316 659 419 716 oesent
439 651 470 714 in
484 652 635 735 republica
654 652 855 732 magistratus,
877 651 1086 716 nullumlutu-

98 731 267 795 rum'fuisse
281 733 396 803 llornae,
410 730 467 792 nisi
479 730 637 810 publicum,
648 732 813 797 consilium.
852 731 942 793 Nunc
953 730 984 790 in
998 733 1086 794 mille

99 811 197 872 curias
211 811 428 968 concinnesrpue
441 810 546 890 (quum
560 811 619 870 alia
631 809 663 870 in
677 810 828 892 Esquiliis,
841 811 900 872 alia
911 811 943 871 in
958 809 1086 872 Arenti-
1179 867 1180 870 ,

98 910 139 952 no
152 890 226 950 fiant
249 889 376 953 concilia
412 888 576 980 dispersam
599 894 632 949 et
651 889 825 980 dissipatam
844 902 909 952 esse
924 891 1086 969 rempubli-

99 989 176 1030 cam.
216 970 318 1030 Unum
335 965 648 1044 Hercule,vrrum,(id
664 967 1083 1050 enimplusesse,quimcon·
1140 1035 1144 1042 ,

99 1049 218 1127 sulem,)
230 1047 326 1128 qualis
341 1048 399 1128 Ap.
411 1045 556 1108 Claudius
568 1045 666 1116 fuerit,
675 1046 974 1128 momentotemporis
983 1045 1083 1108 dicus-

99 1145 199 1188 surum
212 1127 280 1210 illos
300 1133 398 1186 ooetns
421 1125 536 1186 luisse.'’
576 1125 713 1204 Correpti
735 1127 872 1194 consules
894 1145 994 1206 quum,
1007 1126 1087 1204 quid

98 1223 214 1296 ergone
228 1195 326 1265 luceia
340 1205 464 1276 vellent,
477 1203 565 1294 (nihil
580 1202 658 1263 enirn
673 1204 793 1284 segnius
807 1203 972 1276 molliusve,
986 1205 1080 1284 quim

98 1281 1082 1442 lllltllittidum>,tultit‘ttlultlllttt

98 1437 229 1502 Dimisso
239 1447 356 1511 senatu,
374 1440 510 1502 consules
523 1438 876 1514 in=tribunal.ascendunt
886 1461 895 1511 ;
915 1441 1010 1502 citant
1028 1448 1082 1502 no·'

98 1519 234 1582 minatim
243 1520 386 1599 juniores.
426 1519 529 1593 Quum·
537 1518 575 1578 ad
589 1535 697 1578 nomen
709 1539 798 1580 nemo
812 1519 1082 1598 responderet—cir·

99 1598 234 1658 cumin-sa
252 1597 415 1666 multitudo
425 1597 455 1658 in
470 1597 621 1670 concionis
635 1597 752 1657 modurn
769 1617 887 1678 negare,
898 1603 916 1632 “
927 1599 1015 1659 Ultri
1028 1597 1080 1662 de·

98 1675 158 1758 cipi
173 1677 287 1757 plebem
300 1695 418 1756 posse,
436 1677 599 1756 Nunquam
612 1695 704 1739 unuin
726 1677 852 1740 militem
871 1677 1031 1749 babituros,
1048 1677 1080 1740 ni
1181 1725 1182 1738 ,

77 1801 79 1808 s
97 1761 294 1837 praestaretur
307 1753 381 1815 fines
395 1755 529 1834 publica3
550 1755 716 1821 libertatem
728 1753 895 1848 unicuique
916 1756 1000 1836 priris
1012 1757 1079 1818 red*-

101 1835 230 1925 dendam
235 1855 313 1928 esse,
319 1853 357 1914 qu
362 1833 408 1896 dm
417 1855 499 1896 arma
506 1835 614 1896 dandae
624 1841 660 1896 ut
666 1855 720 1916 pro
728 1836 823 1928 patria
834 1836 1013 1923 civibusque,
1019 1855 1081 1898 non-

99 1933 154 1998 pro
165 1915 301 1984 drinonis,
313 1921 472 1994 pugnent?
521 1914 676 1984 Consules,
689 1915 760 1993 quid
774 1913 946 1986 mandatnm
967 1916 1079 1978 esseti

100 1999 215 2062 senatu,
227 1987 384 2052 ridebant:
406 1991 458 2054 sed
472 2013 584 2062 eorunu
597 1992 648 2072 qui
661 1993 739 2052 intra
744 1993 880 2132 parietes
894 1993 986 2067 curiae
1002 1993 1079 2056 fero-
1181 2047 1182 2068 2

98 2073 176 2134 citer
188 2071 388 2149 loquerentur,
401 2071 551 2132 neminem
560 2070 744 2140 adesse,invi
767 2071 803 2132 iae
813 2089 875 2130 suae
885 2073 1079 2154 participent

67 2181 70 2188 ·
100 2156 132 2213 et
144 2149 304 2230 apparebat
316 2153 400 2210 atrox
414 2169 480 2210 curn
492 2150 577 2228 plebe
591 2154 751 2210 certamen.
771 2149 859 2212 Prius
867 2149 978 2232 itaque,
988 2153 1078 2232 quim

100 2228 206 2298 ultima
219 2229 433 2308 experirentur,
445 2235 581 2290 senatum
594 2227 702 2288 iteruin
710 2231 866 2301 consulere
872 2229 986 2312 placuit
995 2252 1005 2301 ;
1014 2237 1080 2294 turn

46 2329 52 2338 ⁸
101 2307 172 2371 verb
185 2307 223 2372 ad
234 2307 326 2369 sellas
347 2309 507 2381 consulum,
521 2307 613 2390 propt
633 2309 826 2372 convolavere
843 2309 980 2370 minimus
1000 2313 1079 2389 quis·

62 2407 67 2416 ·
101 2408 160 2468 qne
173 2391 245 2446 natu
260 2383 380 2446 Petrum
391 2387 521 2448 abdicari
532 2387 717 2448 consulatum
726 2389 875 2468 jubentes,
887 2392 919 2446 et
929 2387 1093 2484 deponere

58 2592 60 2598 .
102 2483 272 2604 mill*
280 2464 695 2620 dissereretur
706 2465 828 2602 iiiii}
830 2473 903 2602 ium
917 2542 1077 2604 00,an

14 2625 18 2646 ²
39 2682 55 2700 Ι,
101 2622 176 2682 “Ne
189 2617 368 2700 praedictum
381 2619 504 2695 negetis,
518 2619 622 2679 Patres
635 2619 807 2698 conscripti,
858 2625 905 2682 est
916 2621 1021 2702 ingens
1032 2641 1078 2683 se·

31 2736 34 2741 ·
101 2701 185 2766 ditio.
210 2697 420 2766 ,Posbrlarnus
442 2704 474 2757 ut
492 2693 588 2777 liqui
602 2697 726 2778 manime
745 2697 893 2779 ignaviam
913 2699 1078 2780 increpant,

102 2779 203 2844 adsint
216 2777 298 2838 nobis
310 2774 482 2838 habentibus
496 2778 655 2838 delectum.
710 2778 855 2839 Acerrimi
876 2781 1020 2858 cujusque
1033 2799 1078 2840 ar·

103 2859 199 2929 bitrio,
207 2855 326 2937 quando
338 2855 380 2930 ita
392 2855 501 2938 placet,
513 2875 574 2932 rem
588 2859 737 2936 agemus.”
786 2857 927 2920 Redeunt
940 2858 971 2921 iu
988 2859 1079 2919 tribu·

103 2939 152 3010 nal
166 2959 175 3008 ς
195 2936 280 2996 citari
299 2935 472 2997 nominatim
485 2955 575 2997 unum
590 2956 627 2996 ex
639 2935 686 3007 iis,
695 2929 749 3016 'qui
762 2936 793 2997 in
807 2944 969 3029 conspectu
983 2943 1078 3013 erant,

59 3035 60 3047 ¹
103 3015 207 3078 dedita
218 3018 308 3095 operi
317 3017 432 3096 jubent.
471 3015 569 3094 Quum
582 3020 676 3078 staret
688 3017 807 3086 tacitus,
822 3021 853 3076 et
863 3036 942 3084 circa
950 3023 1017 3077 eum
1025 3016 1079 3076 ali-

104 3099 177 3176 quot
188 3093 348 3164 hominurn,
360 3114 399 3155 ne
411 3094 486 3155 force
500 3095 667 3166 violaretur,
681 3096 864 3156 constitisset
873 3095 984 3176 globus,
994 3095 1077 3154 licto·
1181 3123 1182 3130 ¹

104 3192 168 3248 rein
179 3173 216 3232 ad
231 3181 298 3232 eunt
312 3169 449 3232 consules
464 3172 586 3232 mittunt
591 3193 599 3242 ;
620 3191 679 3250 quo
691 3175 823 3254 repulso,-
837 3181 900 3234 tum
912 3173 993 3243 verb,
1008 3173 1076 3233 “in-

15 3283 16 3286 ¹
104 3253 134 3314 di
157 3268 226 3312 num
249 3247 364 3314 facinus
378 3257 470 3320 esse?
482 3249 679 3319 clamitantes,
699 3253 750 3330 qui
770 3253 891 3313 Patrurn
909 3249 1077 3314 consulibus
1181 3239 1182 3264 ³

105 3351 124 3394 a
146 3335 238 3398 erant,
251 3327 390 3388 devolant
398 3328 436 3388 (le
449 3326 597 3396 tribunali,
609 3332 643 3384 ut
656 3328 753 3388 lictori
767 3329 875 3390 auxilio
886 3312 997 3389 esi'ent.
1017 3329 1076 3390 Sed
1098 3356 1102 3365 ·

100 3411 141 3473 ab
151 3411 264 3477 lictore,
276 3403 348 3466 nihil
359 3406 440 3466 aliud
449 3406 537 3488 quim
550 3403 730 3486 prehendere
743 3408 896 3488 prohibito,
906 3421 997 3486 quum
1009 3427 1077 3469 con·
1139 3439 1143 3446 ·

103 3499 207 3548 versus
220 3487 251 3546 in
265 3485 369 3546 Patres
381 3489 510 3566 impetus
523 3489 611 3555 esset,
624 3485 776 3547 consulum
790 3487 957 3547 intercursu
963 3487 1027 3550 rixa
1033 3507 1077 3550 se·

106 3567 177 3628 data
190 3571 255 3626 est:
276 3563 306 3622 in
320 3583 379 3643 qua
392 3573 504 3640 tamen,
516 3564 588 3625 'sine
602 3563 710 3642 lapide,
730 3565 793 3626 sine
806 3565 876 3636 telo,
888 3564 955 3644 plus
969 3567 1077 3627 clamo

104 3645 146 3710 ris
161 3651 250 3727 atque
263 3642 383 3717 irarum,
393 3643 624 3730 quim-injuriae,
642 3641 747 3706 lueret.
787 3643 924 3717 Senatus,
937 3646 1074 3708 tumultu·

1143 3613 1149 3621 ι
