2372 4116
503 221 630 282 uranu
649 222 686 299 u.
770 203 773 208 “
994 195 1069 280 'aaa

98 367 402 458 concilient-Etruriae
424 378 548 450 animos,
570 378 617 438 vel
637 378 732 459 ipsius
745 380 905 442 volunlate-
920 379 1005 460 regis,
1017 351 1071 458 qlri

96 463 217 528 obstare
230 478 352 552 regnum
366 478 450 520 sumn
463 455 550 515 saluti
563 455 670 534 civium
683 456 766 516 nolit.
804 459 923 530 Videte,
934 462 1007 537 quot
1014 477 1070 527 res,

98 539 192 618 quim
204 539 334 609 inutrlcs,
347 541 509 618 sequantur
522 533 602 592 illum
624 533 701 611 viam
725 535 857 594 consilii:
874 537 991 615 jactura
1004 555 1072 614 opu·¹

96 637 165 678 rum
180 624 264 677 tuoto
281 615 380 676 labore
401 615 554 682 factorum,
566 613 692 670 vastatio
712 611 866 672 imminens
880 614 981 674 linium
1006 633 1072 672 nos·

99 701 222 764 tuorum,
241 687 399 754 Etruscum
420 691 528 750 bollum
550 709 602 767 pro
624 689 750 769 Vejentc
770 691 956 750 concitatum.
995 691 1071 750 Hoec

101 780 183 846 scrut,
207 772 326 840 tribuni,
349 769 470 830 consilia
483 771 592 840 vestra,
605 787 664 830 non
685 768 811 836 hercule,
823 769 985 838 dissimilia,
998 789 1031 828 ac
1045 767 1072 828 si

100 851 169 929 quis
182 869 271 928 aegro,
283 850 343 928 qni,
353 847 452 907 curaui
467 867 498 906 se
511 845 626 904 sortiter
639 866 751 927 passure,
764 847 910 925 extemplo
924 847 1074 908 convulsa·⁴

5 927 6 958 ³
101 949 170 988 cere
194 928 296 1006 possit,
310 927 362 986 sibi
386 925 480 1004 gratit
493 927 657 1004 'praesentis
678 931 729 984 aut
743 923 868 1002 potionis
882 923 1072 1003 longinquum

101 1012 133 1066 et
146 1003 269 1063 forsitan
283 1003 473 1065 insanabilem
485 1002 614 1060 nrorbmn
629 998 746 1062 efficiat.

117 1133 121 1138 .
145 1083 199 1146 lll.
218 1091 235 1118 ‘·
246 1081 287 1150 Si,
299 1080 434 1140 rneDius
449 1079 561 1148 Fidius,
577 1079 612 1136 ad
628 1077 801 1140 hoc-bellum
815 1079 887 1140 nilril
900 1081 1073 1160 pertineret,

103 1159 143 1223 ad
157 1157 342 1238 disciplinam
358 1156 437 1218 cene
449 1157 554 1219 militae
569 1157 725 1234 plurimum
739 1158 889 1226 intererat,
907 1161 1074 1224 insuescere

37 1251 39 1254 ·
101 1237 229 1301 militem
251 1243 394 1310 :nostrum
415 1254 472 1294 non
500 1233 594 1292 solnm
616 1235 856 1314 parattvictoriat
877 1235 952 1311 l'rui3
973 1239 1035 1309 sed,
1049 1239 1075 1300 si

102 1335 152 1376 res
166 1315 253 1374 etiam
266 1314 371 1374 lentior
384 1313 431 1382 sit,
443 1312 504 1402 pati
517 1311 649 1382 taedium,
663 1319 693 1374 et
706 1314 839 1392 quamvis
851 1335 927 1376 secae
942 1316 1004 1394 spei
1015 1316 1075 1376 exi·

103 1400 166 1460 tum
182 1397 371 1470 exspectare3
384 1396 423 1461 et,
434 1410 458 1450 sr
467 1410 525 1449 non
539 1392 578 1449 sit
594 1397 696 1452 astate
708 1391 871 1468 perfectum
884 1393 1003 1461 bellum,
1015 1394 1075 1454 hie-

101 1489 183 1532 mem
194 1469 320 1547 opperiri
331 1489 340 1537 ;
361 1485 426 1534 nec,
439 1468 516 1524 sicut
529 1467 648 1528 aestivas
658 1486 736 1535 aves,
750 1467 848 1526 statim
863 1474 1002 1534 autumno
1014 1476 1075 1530 tec·

105 1555 138 1607 ta
150 1567 185 1606 ac
200 1557 347 1604 recessum
369 1542 604 1622 circumspicere.
643 1542 770 1604 Obsecro
789 1564 852 1616 vos,
875 1545 1003 1604 vertundi
1016 1553 1076 1605 stu·

102 1626 187 1684 dium
202 1641 236 1680 ac
249 1623 383 1711 uoluptas
397 1619 527 1694 honrines
542 1643 592 1702 per
616 1622 699 1681 nives
719 1641 754 1680 uc
766 1622 887 1700 pruinas
908 1623 939 1682 in
960 1629 1075 1684 montes

104 1704 255 1778 silvasque
266 1706 358 1778 rap1t3
378 1699 447 1758 belli
461 1700 683 1760 necessitatibus
695 1719 757 1758 eam
772 1699 943 1778 patientiam
954 1719 1012 1762 uon
1026 1702 1078 1762 ad·

104 1777 275 1846 lribelrimus,
286 1795 376 1855 quam
389 1777 436 1851 rel
450 1776 531 1836 lusus
545 1797 579 1836 ac
594 1778 728 1855 voluptas
741 1779 847 1839 elicere
859 1779 956 1839 solet?
977 1779 1075 1840 Adeo-

102 1877 142 1918 ne
170 1856 335 1916 effeminata
360 1872 480 1932 corpora
502 1853 629 1914 militum
655 1861 819 1914 nostrorum
843 1875 907 1924 esse
928 1861 1075 1935 putamus,

103 1933 180 1996 adeo
201 1935 305 2011 molles
329 1931 451 2004 animos,
471 1937 508 2006 ut
526 1930 650 2008 hiemem
673 1951 761 1994 unum
782 1933 887 1994 durare
911 1931 941 1992 in
962 1933 1078 2004 cestrie,

103 2014 205 2072 abesse
220 2013 255 2070 ab
268 2011 354 2070 domo
367 2028 426 2070 non
449 2009 585 2091 possint?
605 2016 649 2080 ut,
666 2017 806 2089 tunquam
827 2011 943 2072 naualle
956 2012 1074 2082 bellum,
1107 2015 1111 2028 *

102 2091 296 2169 tempestibns
317 2087 513 2167 captandiset
535 2088 716 2148 observando
730 2097 859 2168 tempore
873 2089 1075 2169 conigeram,

104 2187 164 2226 non
190 2175 289 2236 aestus,
304 2187 360 2224 non
382 2165 489 2255 frigora
510 2167 570 2244 pati
584 2167 721 2245 possint?
737 2167 920 2228 Erubescant
932 2167 1074 2247 protecto,

101 2245 130 2306 si
144 2244 210 2322 quis
223 2244 267 2304 eis
279 2243 346 2302 haec
358 2243 474 2320 objiciat
485 2265 492 2313 ;
514 2245 763 2322 contendantque,
774 2251 805 2303 et
818 2239 921 2304 animis
932 2251 962 2304 et
975 2264 1075 2325 corpo·

102 2322 183 2382 ribus
198 2322 260 2398 suis
272 2321 385 2380 virilem
399 2319 570 2398 patientiam
583 2320 688 2388 inesse,
699 2326 729 2380 et
739 2341 771 2380 se
779 2321 813 2402 ju
836 2321 866 2380 ts
877 2319 972 2382 hieme
984 2327 1074 2400 atque

106 2405 212 2460 aestate
237 2399 316 2461 bella
338 2417 440 2475 gerere
464 2416 565 2476 posse:
587 2417 649 2459 nec
666 2418 698 2458 sc
721 2342 914 2478 putredinium
938 2399 1072 2462 mollitiae

102 2476 280 2556 inertiaeque
303 2474 616 2545 mandassetribunis,
640 2480 671 2535 et
693 2461 869 2546 memilnsse,
892 2477 966 2538 hanc
979 2477 1075 2557 ipsam
1119 2475 1127 2494 ¹

48 2569 50 2573 ’
126 2560 284 2616 otestutem
297 2553 397 2613 nonin
412 2555 512 2612 umbra
526 2553 622 2612 necin
636 2554 723 2614 tectis
737 2555 859 2634 majores
869 2575 938 2616 suos
948 2559 1076 2639 creasse.

105 2575 181 2694 iraec
197 2633 305 2692 virtute
320 2631 446 2709 militum
461 2634 632 2700 vestrorum,
646 2631 710 2692 haec
724 2633 857 2692 Romano
868 2634 984 2695 nominc
1005 2641 1075 2696 sunt

103 2711 202 2790 digna,
215 2731 274 2770 nou
298 2709 387 2787 Vejos
401 2710 527 2777 tantum,
541 2729 595 2766 nec
609 2709 783 2782 bochellum
798 2711 916 2781 intueri,
937 2711 1016 2789 quod
1030 2713 1075 2772 in-

101 2795 184 2858 stat3
204 2787 257 2845 sed
278 2785 384 2843 famam
406 2793 437 2844 ct
458 2787 492 2842 ad
511 2787 573 2846 alia
592 2786 669 2844 bella
691 2795 721 2846 et
752 2787 789 2844 ad
814 2795 927 2849 ceteros
951 2791 1074 2866 populos
1133 2827 1137 2834 -
1180 2785 1181 2868 J

103 2866 135 2926 in
160 2869 310 2944 posterum
353 2880 473 2920 naererc.
514 2862 562 2920 An
585 2861 729 2922 mediocre
750 2862 907 2923 discrimen
929 2865 1074 2943 opinidnis

106 2948 275 3004 secuturum
289 2881 392 3000 exlac
406 2960 437 2998 re
451 2939 583 3018 putatis?
603 2939 701 2998 utrum
723 2940 843 3000 tandem
857 2941 973 3002 finitimi
984 2963 1075 3034 popu-

104 3021 166 3082 lum
180 3019 344 3078 Romanurn
357 3037 425 3074 eum
440 3036 504 3074 esse
526 3020 639 3094 putent,
654 3019 736 3094 cujus
751 3017 773 3074 si
796 3037 855 3096 qua
867 3022 935 3080 urbs
949 3041 1074 3098 primum

103 3097 188 3158 illum
202 3093 365 3156 brevissimi
378 3095 519 3170 temporis
531 3091 704 3154 sustinuerit
717 3095 867 3172 impeturn,
880 3097 950 3160 nilril
965 3097 1072 3166 deinde

106 3173 235 3236 timeat?
255 3193 293 3232 an
303 3171 354 3230 hic
374 3172 413 3230 sit
426 3177 520 3245 terror
532 3169 658 3230 nominis
679 3171 780 3242 nostri,
793 3178 827 3233 ut
839 3175 996 3235 exercitum
1017 3178 1076 3234 Ro.

62 3251 64 3258 ‘
107 3271 227 3314 manum
240 3269 300 3310 non
320 3245 623 3327 taediumlonginquae
646 3251 876 3330 oppugnationis,
889 3273 947 3314 non
959 3253 1003 3312 vis
1016 3253 1075 3312 hie-

108 3329 164 3390 mis
185 3330 221 3388 ab
235 3329 304 3386 urbe
318 3326 509 3388 circumsessa
530 3327 619 3390 semel
634 3347 768 3387 amovere
792 3331 894 3408 possit,
907 3351 961 3390 nec
986 3329 1075 3392 linem

106 3405 199 3466 ullum
211 3403 301 3464 alium
311 3403 391 3474 belli,
404 3402 491 3482 quim
506 3404 667 3472 victoriam,
681 3405 810 3474 noverim
832 3427 885 3466 nec
899 3408 1007 3486 impetu
1020 3407 1073 3488 'po-

107 3481 168 3542 t‘nls
179 3484 263 3552 bella,
274 3481 363 3562 qnclm
376 3481 604 3562 perseverantia,
617 3482 722 3558 gerat?
740 3501 806 3559 que:
821 3483 851 3542 in
864 3485 941 3544 ornari
955 3484 1074 3562 quidem

73 3619 80 3636 ⁸
104 3577 215 3640 genere
227 3561 351 3630 militiae,
365 3558 490 3618 maxime
503 3557 645 3618 tamenin
659 3557 826 3618 obsidendis
839 3562 962 3630 urbibus,
973 3582 1074 3622 neces-

105 3637 185 3698 saria
197 3643 259 3707 est,
278 3655 401 3716 quarum
414 3637 578 3770 ppercsque',
599 3636 807 3710 munitionibus
821 3639 994 3708 acuaturali
1013 3638 1071 3696 situ

609 3769 618 3793 Ι

640 3785 655 3822 a
676 3783 704 3815 511·
718 3793 724 3810 ι·
746 3771 799 3822 'ic

643 3845 656 3881 4
