2394 4138
348 205 356 355 '¹
471 225 537 311 r.
557 247 670 312 mvn·
790 241 792 245 ·

97 410 173 472 imos
190 407 285 491 gessii
305 408 410 480 lunens
431 414 500 490 post
516 427 564 470 me
577 408 651 468 ordo
663 409 711 468 est
732 407 813 470 idem
838 411 1002 490 petentium
1020 411 1074 474 de-

97 509 160 550 cus.
212 487 338 550 Proinde
352 487 383 548 in
396 486 451 548 boc
472 485 640 556 discrimen,
654 485 679 546 si
695 486 789 564 juvat,
809 487 973 570 accingere,
994 497 1028 550 ut
1040 491 1075 552 in

97 566 226 647 singulas
251 566 337 642 boras
361 564 459 644 eapite
485 564 609 626 dimices
630 569 698 633 tuo;
718 563 827 626 ferrum
851 565 1022 646 hostemque
1039 568 1073 629 in

95 644 241 708 vestibula
256 643 364 706 habeas
376 641 478 722 regiae.
522 643 586 706 Hoc
609 642 663 704 tibi
679 645 822 722 juventus
843 645 976 706 Romana
998 646 1078 706 indi-

96 724 191 784 cimus
211 723 330 784 beiium.
384 723 507 782 Nullam
542 721 637 781 aciem
662 715 778 782 nuilum
803 723 941 804 preciiam
966 725 1078 786 dmue·

96 802 147 863 ris.
200 801 260 861 Uni
272 801 379 872 tibi,et
397 820 465 860 cum
479 801 612 881 singuiis,
631 819 680 860 res
693 801 774 861 erit”
833 801 933 878 Quum
950 823 1016 874 rex,
1036 802 1078 862 si·

94 881 157 942 mul
178 881 223 942 iro
236 879 381 950 infensus,
404 879 596 960 periculoque
616 879 805 950 conterritus,
826 880 1005 940 circumdari
1031 881 1076 961 ig-

45 965 48 972 '
95 979 150 1020 nes
173 956 397 1036 minitabundus
413 958 543 1038 juberet,
561 955 620 1018 nisi
638 964 828 1038 expromeret
846 977 900 1038 pro
937 958 978 1028 rt,
997 977 1073 1036 quas

95 1037 270 1098 insidiarum
284 1033 339 1097 sibi
353 1037 447 1097 minas
467 1053 521 1134 per
544 1035 679 1114 ambages
688 1036 828 1115 jaceretr
867 1045 885 1072 ‘⁸
923 1055 943 1096 n
956 1035 1011 1096 tibi
1031 1031 1076 1096 iri·

94 1116 172 1193 quit,
197 1125 214 1152 ‘¹
227 1124 261 1176 ut
275 1113 395 1184 sentias,
420 1133 508 1190 quam
533 1114 592 1174 vile
614 1133 721 1192 corpus
741 1113 782 1174 sit
801 1114 848 1184 iis,
867 1114 915 1192 qui
940 1133 1075 1196 magnam

95 1194 218 1274 gloriam
239 1193 382 1260 vident?
409 1193 606 1271 dextramque
626 1209 753 1252 accenso
772 1192 811 1252 ad
832 1193 1010 1254 sacrificium
1033 1191 1076 1252 so·

96 1272 165 1332 culo
184 1270 294 1352 injicit:
314 1287 402 1348 quarn
420 1287 512 1346 quum
532 1269 616 1329 velut
635 1267 763 1330 alienato
775 1271 812 1330 ab
832 1291 924 1332 sensu
943 1274 1070 1332 torreret

94 1348 211 1419 animm
223 1367 322 1428 vprope
342 1347 485 1408 attonitus
506 1345 649 1408 miraculo
668 1347 742 1419 Rex,
761 1367 850 1428 quum
871 1352 909 1410 ab
929 1349 1001 1410 sede
1020 1367 1075 1409 sua

95 1427 291 1508 prosiluisset,
300 1425 483 1503 amoverique
494 1427 530 1486 ab
540 1425 681 1486 altaribus
689 1427 831 1507 juvenem
836 1428 985 1508 jussisset,
996 1433 1014 1462 ‘¹
1024 1427 1075 1488 Tu

34 1532 46 1560 ι
96 1505 168 1568 verb
181 1507 253 1576 abi,”
265 1504 369 1582 inquit,
388 1510 408 1544 ‘⁴
419 1505 450 1566 in
462 1509 494 1566 te
510 1505 611 1586 magis,
626 1503 716 1582 quim
727 1506 759 1566 in
776 1526 833 1576 me,
845 1506 963 1568 hostilia
977 1525 1076 1570 ansus.

85 1585 232 1658 'querem
257 1591 352 1654 macte
370 1581 482 1656 ‚virtute
496 1602 572 1653 esse,
593 1583 618 1644 si
642 1602 695 1661 pro
715 1603 781 1646 mea
794 1586 889 1662 patria
908 1584 970 1646 ista
980 1585 1074 1646 virtus

1135 638 1188 902 i

1165 968 1188 1324 i

96 1670 197 1724 staret.
223 1660 329 1721 ‘Nunc
347 1647 497 1741 jure'bdli
518 1659 642 1730 liberum
662 1667 702 1734 te,
723 1662 869 1724 intactum
890 1661 1076 1724 inviolatum·
1186 1669 1188 1678 ⁴

96 1740 234 1820 quehino
259 1739 403 1800 dimittor
443 1739 523 1800 Tum
542 1739 672 1810 Mucius,
689 1741 772 1824 quasi
786 1760 977 1804 remunerans
990 1740 1077 1801 meri·
1187 1811 1188 1814 Ἴ

96 1827 170 1890 bum,
188 1828 205 1856 ‘¹
217 1817 489 1897 Quandoquidem!
506 1817 613 1896 inquit,
632 1829 649 1859 ‘⁴
660 1828 707 1881 est
718 1811 798 1897 {pud
810 1825 841 1880 te
859 1819 963 1880 virtuti
975 1819 1077 1891 bonos.

96 1905 131 1959 ut
140 1898 283 1959 beneficio
295 1897 402 1959 tuleris
414 1895 432 1958 ai
444 1917 503 1968 me,
511 1899 588 1975 quod
600 1897 686 1958 minis
700 1897 846 1975 nequisti3
858 1896 986 1964 trecenti
1005 1919 1077 1960 con·

91 1977 258 2058 juravimus
279 1976 429 2056 principes
447 1976 613 2068 juventutis
640 1975 789 2046 Romanae,
801 1980 836 2033 ut
855 1974 887 2034 in
910 1977 941 2034 te
954 1973 1010 2034 hee
1023 1977 1076 2036 vid
1187 2029 1188 2038 ,

44 2125 47 2130 Δ
96 2066 305 2193 premeremur.
344 2055 417 2114 Mea
438 2073 532 2134 prima
545 2071 608 2112 sors
626 2053 686 2130 tuit
692 2073 701 2123 3
721 2051 822 2121 ceteri,
834 2058 868 2112 ut
882 2051 1078 2129 cuiquececi-

119 2133 176 2198 erit
189 2133 292 2214 primo,
303 2132 442 2210 quoadte
456 2137 652 2224 opportunum
664 2129 782 2199 furtum
795 2129 920 2230 dederit,
930 2150 984 2192 suo
996 2131 1076 2210 quis·

96 2231 152 2291 qne
166 2211 472 2291 temporemderunt?
550 2211 570 2258 d
642 2233 703 2272 ιω.

137 2289 223 2350 ΧΙΙΙ.
251 2289 387 2350 Mucium
411 2289 574 2361 dimissum,
588 2265 762 2370 oni‘po'stea
780 2289 929 2352 Seaevolae
950 2288 968 2350 d
989 2263 1076 2352 clade
1186 2321 1187 2326 κ

97 2367 213 2430 dextrae
241 2373 346 2430 mantis
370 2389 531 2450 cognomen
554 2369 691 2456 inditum,
713 2369 802 2450 iegati
826 2370 843 2429 d
867 2369 997 2430 Perseus
1016 2369 1077 2428 Ro·

96 2465 173 2508 mam
198 2449 290 2508 secuti
312 2453 391 2510 sunt.
447 2447 534 2508 Adeo
552 2443 776 2536 m‘o'veratsecm
798 2458 829 2508 et
852 2445 1079 2536 primilpericu2

94 2519 119 2584 li
133 2545 229 2595 casus,
241 2545 300 2602 quo
313 2525 385 2584 nibil
400 2544 432 2584 se
446 2531 558 2602 praeter
569 2543 698 2584 errorem
711 2523 881 2584 residamus
895 2528 1029 2591 texisset,
1042 2527 1074 2582 et

96 2679 178 2760 pacis
191 2677 376 2739 conditiones
396 2677 477 2737 ultrb
499 2677 591 2739 ferret
612 2678 771 2738 Romanis·
798 2681 944 2740 iactatum
961 2679 993 2741 in
1007 2696 1076 2740 con·

97 2757 257 2819 ditionibus
270 2757 468 2837 nequicquam
489 2755 528 2817 de
541 2755 713 2836 Tarquiniis
738 2757 767 2817 in
782 2777 904 2840 regnum
917 2756 1077 2820 restituen-

69 2883 78 2895 χ
96 2836 154 2906 dis,
165 2835 258 2917 magis
270 2836 341 2916 quia
352 2835 383 2896 id
397 2840 504 2912 negare
524 2835 588 2912 ipse
602 2835 777 2916 nequiverat
789 2835 971 2918 Tarquiniis,
983 2833 1075 2915 quim

96 2914 178 2994 quod
190 2921 329 2994 negatum
343 2915 379 2976 iri
392 2911 454 2974 'sibi
474 2915 512 2975 ab
524 2915 665 2976 Romanis
678 2913 835 2996 ignoraret.
875 2916 921 2978 De
934 2934 1004 3007 egro
1017 2915 1075 2976 Ve-

91 2993 631 3074 jentibusrostituendoimpetratum3
651 2993 1076 3075 expressaqocnecessrtasob-

96 3070 175 3132 sides
189 3069 283 3131 dandi
293 3072 443 3142 Romanis,
457 3072 482 3134 si
492 3073 629 3134 Janie'uio
639 3074 812 3154 praesidium
825 3073 934 3135 deduci
947 3071 1072 3133 venene.

98 3149 156 3209 His
180 3149 396 3211 conditionibus
417 3150 582 3230 composite
603 3171 685 3229 pace,
704 3153 866 3214 exercitum
886 3153 922 3212 ab
934 3148 1072 3212 Janieulo
1095 3187 1097 3196 ι

96 3225 223 3288 deduxit
234 3227 374 3297 Porsena,
386 3234 418 3288 et
430 3247 500 3308 agro
513 3227 647 3288 Murano
661 3232 797 3292 excessit.
835 3231 939 3290 Patres
952 3227 987 3285 C.
1005 3225 1077 3301 Mag

96 3306 144 3368 eiu
157 3304 275 3365 virtutis
297 3309 387 3364 causta
405 3311 489 3365 trans
509 3303 641 3366 Tiberim
654 3326 756 3386 agrum
776 3309 855 3368 dono
874 3305 993 3374 dedere,
1005 3322 1073 3383 quae

8 2653 10 2658 ,
97 2603 249 2662 subeunda
269 2601 421 2661 dimicatio
438 2601 536 2670 toties,
554 2607 627 2680 quot
650 2601 796 2680 conjurati
818 2605 1018 2681 superessent,
1040 2604 1078 2660 nt
1185 2645 1186 2672 ,

95 3389 200 3464 postea
212 3388 283 3442 sunt
295 3383 399 3444 Mucia
411 3388 496 3460 prata
508 3383 665 3520 appellata.
705 3385 793 3466 Ergo,
805 3386 848 3446 ita
860 3385 1002 3444 honorate
1016 3381 1074 3444 vir-
1183 3373 1184 3454 J

94 3467 170 3529 tute,
193 3460 312 3521 feminae
326 3481 443 3542 qqoqne
457 3461 494 3520 ed
508 3481 548 3540 pu
567 3461 626 3538 tica
638 3461 748 3524 decora
760 3463 918 3602 ψη·
941 3462 979 3522 et
992 3461 1074 3523 cloe·
1183 3489 1184 3506 κ

94 3539 137 3598 iis
157 3539 247 3618 virgo,
267 3559 326 3599 una
339 3561 377 3614 ex
399 3535 556 3609 obsidibus,
568 3559 659 3618 quum
681 3537 765 3604 'c'astr'
819 3540 1073 3608 tructarumforte

94 3613 174 3678 baud
187 3617 289 3708 procul
303 3618 380 3711 ripe·
392 3618 509 3709 Tiberis
531 3619 627 3680 locata
640 3628 750 3692 essent,
772 3619 914 3682 frustrata
926 3617 1074 3710 custodes,
1182 3671 1183 3676 ,

97 3694 159 3762 diu
171 3714 296 3779 ugrum
308 3717 455 3784 mpsim
472 3703 551 3764 mter
562 3697 624 3765 teia
635 3697 765 3786 bostium
777 3698 910 3767 Tiberim
929 3703 1072 3766 babenti
1127 3774 1132 3787 ,
1182 3745 1183 3750 ,
