2372 4116
108 217 171 280 '264
512 214 552 276 '1'-
570 213 685 278 mvn.

305 305 319 338 Χ

115 373 154 434 ad
167 391 234 436 suos
247 371 342 441 rediit,
349 389 401 432 seu
416 369 550 432 attonitis
563 369 661 432 Gallis
674 368 814 432 miraculo
827 370 965 443 audine,
979 389 1030 432 seu
1045 391 1092 432 re-

117 451 223 530 ligione
235 453 320 512 etiam
332 449 430 518 molis,
448 452 531 528 cujus
544 447 763 526 haudquaquam
780 451 932 540 negligens
947 456 993 510 est
1006 469 1091 530 gene.

117 529 198 608 Vejis
206 527 323 588 interim
338 545 396 586 non
411 528 501 588 animi
512 525 627 586 tantum
639 527 670 586 in
684 525 759 596 dies,
767 528 819 587 sed
830 537 919 586 elram
931 529 1019 597 vires,
1027 547 1091 588 cre·

115 607 252 668 scebantz
273 625 329 664 neo
348 604 488 668 Romanis
509 604 602 662 solum
627 603 664 664 εὸ
683 605 922 666 convenientibus
943 626 980 664 ex
1002 605 1092 685 agris,

113 682 161 758 qui
177 681 193 738 d
208 684 315 762 proelio
328 682 453 744 adverso
465 689 516 742 aul
536 681 621 740 clade
635 687 733 762 captoe
755 684 834 744 urbis
855 683 945 760 palati
959 681 1090 752 fuerant,

113 758 166 822 sed
191 761 280 822 etiam
307 781 342 820 ex
365 759 454 822 Latio
474 760 646 820 uoluntariis
670 761 895 830 confluentibus.
913 760 987 820 utin
1002 768 1091 839 parte

113 839 227 929 praedae
242 847 353 900 essent.
391 839 542 902 Maturum
549 840 610 916 jam
625 837 788 906 videbatur,
799 859 830 901 re
870 839 893 898 ti
908 838 1027 918 patriam
1042 857 1092 906 er2

114 917 215 997 rpique
228 938 265 978 ex
278 916 403 976 hostium
427 916 575 976 manibus:
598 916 651 976 sed
666 916 780 996 corpori
794 935 830 976 va
843 917 892 976 ido
905 925 994 994 caput
1005 915 1093 975 deer-

114 999 155 1056 at.
194 993 370 1071 Locusipse
383 995 559 1054 admonebat
579 993 748 1064 Camilli,el
761 999 949 1074 magnopore
962 993 1091 1052 militurn
1166 999 1167 1006 ’

114 1077 189 1142 eral,
201 1073 253 1152 qui
266 1073 355 1132 ductu
371 1071 560 1153 auspicioque
574 1074 637 1154 ejus
650 1091 698 1132 res
711 1072 849 1152 prospere
866 1078 1036 1153 gesserant:
1058 1076 1095 1132 et·

113 1151 266 1210 Caedicius
281 1169 397 1226 negare,
415 1171 446 1212 se
462 1149 694 1218 commissorum,
704 1171 758 1211 cur
771 1149 824 1208 sibi
835 1159 887 1210 aut
898 1152 1026 1209 Deorum
1038 1153 1091 1208 aut

111 1225 270 1288 hominium
285 1227 440 1304 quisquam
453 1226 607 1303 imperium
619 1227 719 1286 liniret
731 1226 840 1306 polide,
859 1246 947 1306 quam
956 1227 1020 1306 ipse
1029 1246 1090 1298 mef

112 1323 176 1366 mor
188 1305 300 1364 ordinis
314 1303 359 1362 sui
371 1309 518 1382 posceret,
533 1304 748 1382 imperatorem.
788 1304 939 1366 Consensu
956 1305 1090 1364 omnium

113 1381 234 1466 placuit,
246 1384 283 1442 ab
294 1382 395 1441 Ardea
408 1381 566 1442 Camillum
581 1381 690 1452 acciri;
708 1381 762 1442 sed
773 1383 1005 1446 anteaconsulto
1019 1401 1089 1441 sen·

87 1514 90 1520 .
115 1460 239 1538 alo,qui
253 1461 356 1518 Romae
371 1465 471 1529 esset;
491 1462 565 1518 adeo
575 1461 695 1535 regebat
705 1459 802 1520 omnia
812 1460 914 1538 pudor,
923 1459 1090 1522 discrimin·
1166 1487 1167 1492 1

113 1557 294 1616 aquererurn
331 1536 400 1616 rope
415 1535 538 1617 perditis
551 1538 637 1596 rebus
645 1539 809 1596 servabant.
848 1537 1088 1617 Ingentipericu·
1166 1583 1167 1586 ,

113 1616 143 1676 lo
157 1621 296 1676 transeun
320 1635 367 1674 um
383 1636 436 1694 per
454 1613 580 1684 hostium
605 1615 754 1674 custodias
775 1620 858 1686 rrat;
878 1615 915 1676 ad
938 1635 1003 1675 eam
1025 1635 1087 1676 rem

112 1693 237 1754 Pontius
250 1692 416 1763 Cominius,
429 1692 552 1790 impiger
561 1693 689 1769 juvenis,
702 1711 817 1771 operam
832 1692 993 1771 pollicitus,
1005 1693 1087 1752 incn-

111 1771 313 1840 banscorlici,
335 1772 466 1832 secundo
480 1769 582 1832 liberi
596 1769 634 1830 ad
648 1771 748 1830 urbem
762 1770 912 1842 desertum
933 1771 1013 1842 inde,
1026 1777 1086 1849 quai

112 1849 274 1928 proximum
292 1850 348 1908 luit
363 1847 378 1908 ai
390 1851 523 1928 ripa,per
535 1854 726 1928 praeruptum,
736 1867 830 1926 eoque
841 1849 1008 1928 neglectum
1019 1849 1087 1910 hos·

111 1929 357 2000 tium-custodiae,
377 1947 479 1988 saxum
492 1927 522 1986 in
538 1926 716 2007 Capitolium
731 1927 847 1988 evadit:
870 1932 909 2006 et,
929 1926 966 1986 ad
977 1929 1087 2008 magis·

111 2013 207 2067 natus
221 2004 338 2075 ductos,
357 2007 497 2066 mandata
509 2006 658 2066 exercitus
669 2005 748 2074 edit3
779 2011 901 2084 accepto
919 2005 987 2068 inde
1002 2025 1086 2066 sena·
1166 2063 1167 2066 ,

110 2089 164 2146 tus
177 2083 307 2152 decreto,
321 2090 353 2142 ut
364 2095 403 2152 et,
418 2083 545 2144 comitiis
557 2082 678 2142 curiatis
689 2095 844 2146 reuocatus
853 2081 890 2142 de
901 2083 1018 2158 exsilio,
1022 2085 1087 2162 jus·

111 2181 147 2222 su
161 2161 261 2240 populi
276 2161 420 2230 Camillus
433 2163 561 2235 dictator
573 2160 720 2239 extemplo
741 2161 898 2230 diceretur,
917 2161 1086 2240 militesque

110 2239 251 2300 haberent
260 2239 475 2320 imperatorem,
483 2259 570 2317 quem
580 2239 693 2299 vellent
706 2238 808 2298 eaden.
818 2239 973 2318 degressus
982 2239 1087 2300 nunci-

109 2337 144 2378 us
158 2317 249 2396 Vejos
261 2317 436 2381 ‚contenditz
458 2316 598 2394 missique
613 2317 742 2376 Ardeam
757 2317 846 2396 leg-ali
860 2317 898 2375 ad
914 2315 1085 2392 Camillum,

111 2396 202 2474 Vejos
215 2416 280 2458 eum
291 2396 476 2476 perrlunerer
507 2394 676 2471 seu,(quod
690 2393 783 2472 magis
797 2393 917 2454 credere
931 2395 1012 2466 libet,
1024 2415 1085 2456 non
1166 2395 1167 2404 ’

108 2473 192 2557 priris
212 2473 376 2551 proiectum
399 2475 435 2532 ab
456 2473 565 2540 Ardea,
581 2472 668 2546 quim
692 2474 835 2550 comperit
855 2473 949 2550 legem
972 2473 1063 2533 latam
1075 2495 1086 2546 ;

107 2551 188 2632 qnid
203 2570 257 2608 nec
272 2549 383 2626 injussu
395 2549 495 2625 populi
509 2549 615 2607 mutari
629 2549 733 2607 finibus
786 2555 857 2618 sset,
874 2567 938 2616 nec,
952 2549 1009 2606 nisi
1017 2550 1085 2608 dic.

106 2627 301 2690 tatordictos,
314 2623 443 2701 auspiia
456 2625 487 2682 in
500 2624 629 2686 exercitu
641 2569 818 2702 boberellen
828 2623 942 2686 curiata
953 2624 1013 2687 lata
1022 2634 1083 2703 est,
1103 2639 1107 2650 '

104 2707 289 2782 dictatorque
301 2705 406 2762 absens
422 2700 528 2762 dictus.

148 2781 275 2844 van.
289 2782 374 2840 llum
390 2780 454 2839 lraec
475 2777 558 2869 Vejis
580 2780 758 2858 agebantur,
770 2778 888 2840 interim
910 2801 961 2840 arx
975 2783 1080 2846 Romae

108 2859 347 2943 Capitoliumque
361 2859 390 2919 in
411 2859 523 2938 ingentu
539 2857 669 2936 periculo
682 2856 752 2928 suit3
784 2869 910 2936 namque
925 2861 1015 2932 Galli,
1028 2883 1081 2924 seu

107 2940 233 3020 vestigio
251 2944 351 3000 notato
372 2939 507 3008 humano,
530 2939 590 3014 qua
612 2936 776 3016 nuncius'd
790 2935 872 3016 Vejis
897 2946 1082 3016 pervenerat,

107 3039 158 3080 seu
174 3024 228 3079 suri
243 3016 559 3096 sponteanimadverso
572 3013 607 3074 ad
623 3013 790 3074 Carmentis
804 3035 938 3079 sanorum
953 3036 1077 3078 ascensu

110 3085 207 3176 ecquo,
220 3096 307 3156 nocte
329 3093 477 3162 sublustri,
503 3113 592 3168 quum
610 3093 708 3172 primi»
728 3094 870 3154 inermem
884 3095 934 3184 qui
948 3099 1079 3156 tentaret

107 3177 196 3244 viem,
209 3173 430 3252 praemisissent,
445 3171 596 3236 tradentes
607 3171 677 3232 inde
690 3192 780 3258 armp,
790 3171 838 3230 ubi
852 3171 1024 3250 qurdiniqui
1033 3193 1078 3232 es·

109 3259 165 3323 set,
177 3249 282 3314 alterni
296 3247 395 3314 innisi,
408 3249 651 3324 sublevantesque
665 3249 696 3310 in
710 3250 804 3308 ricem
819 3254 850 3308 et
862 3249 1010 3324 trahentes
1024 3250 1077 3310 alii

106 3331 191 3399 alios,
199 3333 287 3408 prout
296 3326 456 3406 postularet
471 3325 573 3392 locos;
592 3329 676 3388 tauto
690 3325 847 3407 silentioin
858 3345 1077 3386 summumevae

108 3425 182 3474 sere,
195 3415 228 3464 ut
242 3423 299 3466 non
314 3403 450 3477 ,custodes
461 3399 556 3462 solium
570 3400 717 3473 fallerent,
730 3398 784 3464 sed
797 3423 834 3464 ne
846 3423 932 3466 canes
945 3402 1076 3480 quidem,

107 3481 266 3544 sollicitum
281 3481 387 3542 animal
400 3479 436 3538 ad
452 3485 611 3540 nocturnos
632 3481 782 3559 strepitus,
802 3481 972 3540 excitarent
1012 3485 1075 3542 An·
1166 3499 1167 3502 ’

79 3573 82 3579 ’
108 3577 188 3619 seres
201 3577 259 3616 non
272 3557 414 3625 fefellere,
427 3556 532 3636 quibus
543 3559 634 3618 sacris
647 3558 755 3620 lunoni
767 3557 797 3616 in
808 3577 919 3618 summa
931 3557 1027 3638 inopia
1036 3560 1077 3618 σι’·

108 3635 251 3697 bitumen
263 3635 480 3707 abstinebaturs
500 3653 568 3714 qnae
582 3654 631 3699 res
644 3635 733 3699 saluti
745 3635 810 3699 suit.
849 3633 987 3718 Namque
998 3636 1078 3698 clau·
