2372 4116
706 101 852 194 'ew

484 223 612 290 mess
631 225 684 316 rr.
720 289 750 300 ,,
852 253 879 294 ι
975 229 980 234 “
1036 227 1092 289 see

116 384 258 467 impetum
270 385 467 450 Romanorum
480 407 491 458 e
509 407 600 468 eques
612 385 737 450 maxime
749 383 925 460 resistebet3
945 383 1091 464 equitum·

117 483 176 554 que
189 465 276 547 longe
287 466 462 528 fortissimus
475 467 539 549 ipse
553 487 616 539 rex,
627 469 663 526 eb
676 464 754 527 omni
769 473 851 544 perte
861 463 953 527 effuse
966 483 1092 543 sequeu-

117 543 196 606 ebus
209 545 382 626 obequitans
396 545 548 616 Romanis,
558 545 692 606 trahebat
705 549 863 605 certamen.
979 538 985 550 '

106 667 108 672 ,
156 623 239 684 XIX.
258 625 332 686 Erat
345 631 408 684 tum
422 625 500 686 inter
513 624 777 704 equites³tribunus
790 623 917 688 militum
928 625 969 696 A„
978 623 1090 684 Corne·

114 697 176 760 lius
196 700 317 772 Cossus,
334 702 443 778 eximit
466 701 685 784 pulchritudine
697 701 836 783 corporis,
856 703 954 764 animo
974 721 1009 762 ec
1022 699 1091 760 viri·

115 778 171 841 bus
184 799 246 860 per,
268 799 438 862 messesque
450 782 576 874 generis,
589 785 678 862 quod,
700 781 912 865 amplissimum
925 786 1090 862 acceptum,

111 863 208 940 meque
222 861 397 938 auctiusque
408 861 528 942 reliquit
539 863 663 941 posteris
673 884 682 934 3
692 861 817 944 isqnum
828 862 866 923 ed
876 863 1018 942 impetum
1029 857 1088 922 Te-

4 943 6 956 *
115 939 231 1007 lurnnii.
243 941 419 1018 quecunque
431 959 465 1000 se
478 939 667 1012 intendisset,
684 941 868 1022 trepidantes
882 942 1031 1002 &menes
1050 939 1095 999 vi·

116 1018 205 1079 deret
217 1026 339 1086 turmas,
351 1017 554 1099 insignemque
568 1039 636 1080 eum
657 1019 737 1111 regio
749 1019 850 1080 habitu
863 1019 1035 1080 volitantem
1048 1023 1091 1078 ts-

116 1099 151 1158 te
172 1095 236 1160 acie
249 1101 416 1188 cognosset.
435 1097 588 1158 ''Hiccine
609 1099 807 1178 est‚’'1nqoit,
826 1107 888 1160 “ru
910 1105 956 1158 ter
968 1093 1092 1172 ioederis

40 1229 43 1236 ,
114 1175 246 1253 humani,
266 1175 448 1266 violatorque
467 1175 599 1256 gentium
615 1177 715 1268 juris?
730 1178 793 1257 J'em
807 1195 861 1260 ego
885 1118 960 1236 lieno
983 1180 1092 1234 macte·

114 1261 177 1316 tan
192 1253 352 1324 rictimemn
368 1253 410 1330 (su
430 1253 517 1319 modo
530 1260 626 1316 sancti
639 1257 707 1336 quic
731 1275 798 1316 uem
810 1256 842 1316 in
855 1255 943 1318 terris
963 1275 1028 1316 esse
1039 1251 1090 1313 Dii

106 1333 233 1412 solunt)
253 1331 415 1424 legutcrum
429 1331 562 1394 inanibus
576 1331 677 1394 debo.¹’
744 1335 889 1399 ulceribus
898 1333 1033 1406 subditis,
1045 1333 1091 1394 in·

113 1410 193 1486 feste
213 1409 335 1490 cuspide
349 1411 380 1472 in
402 1429 492 1469 unum
514 1411 607 1470 t‘ertur
628 1414 763 1482 hostem;
782 1433 871 1490 quesn
892 1431 983 1492 quum
995 1414 1089 1472 ictum

113 1509 191 1568 equo
203 1488 373 1568 dejecisset,
386 1487 542 1566 confestim
555 1494 586 1548 et
596 1489 663 1572 ipse
675 1487 760 1552 lraett
771 1491 890 1551 inuisus
908 1511 939 1551 se
953 1489 984 1552 in
997 1491 1089 1569 pedes

113 1565 240 1648 excepit
280 1567 496 1647 Assurgentem
509 1565 548 1628 ibi
559 1589 658 1650 regem
671 1576 797 1632 umbone
811 1569 970 1650 resupinat,
983 1589 1015 1630 re
1053 1568 1090 1629 ti·

114 1651 238 1724 tumque
251 1645 362 1735 saepius
377 1644 498 1726 cuspide
512 1644 550 1706 ed
563 1653 673 1710 terram
685 1649 796 1720 sffixite
815 1653 878 1710 turn
888 1667 1028 1728 exsangui
1059 1667 1090 1708 e·
1179 1657 1180 1660 ’

113 1731 211 1786 traete
231 1724 340 1803 spolie3
364 1729 510 1804 caputque
537 1725 697 1788 abscissum
719 1728 814 1788 victor
839 1727 953 1808 spiculo
973 1746 1090 1808 gerens,

113 1809 228 1872 terrore
241 1803 315 1864 caesi
328 1800 406 1884 regis
419 1803 519 1866 hostes
531 1801 641 1865 fundit.
680 1807 727 1867 lte
747 1807 879 1886 equitum
893 1825 1010 1886 quoque
1022 1804 1090 1866 fuse

4 1889 6 1936 l
113 1885 204 1954 ecies,
217 1903 284 1964 quse
299 1899 358 1944 une
371 1882 484 1942 feceret
496 1901 606 1963 euceps
620 1893 780 1946 certamen.
820 1885 956 1945 Dictator
968 1881 1090 1961 legioni·

112 1962 168 2024 bus
181 1962 211 2022 tu
250 1963 290 2024 tis
304 1961 407 2031 instet,
429 1967 461 2020 et
473 1960 512 2022 ad
531 1969 629 2023 cestre
642 1967 810 2046 compulsos
823 1964 924 2024 credit.
964 1963 1090 2024 Fidens·

112 2041 187 2102 tium
200 2065 221 2124 p
234 2043 320 2104 urimi
332 2041 464 2106 locorum
478 2040 584 2102 noritis
605 2041 732 2124 effugere
758 2043 789 2104 in
803 2050 928 2106 monton
966 2042 1089 2116 Cossus,

113 2120 246 2189 Tiberim
259 2141 325 2182 cum
340 2119 473 2202 equitatu
489 2127 686 2194 transvectus,
706 2143 744 2184 ex
764 2143 833 2210 egro
847 2123 1030 2202 Veientanus
1044 2121 1090 2181 in·

113 2205 232 2279 gentem
245 2201 353 2260 detulit
375 2198 511 2280 ‘prsedem
524 2199 562 2259 ed
587 2201 696 2262 urbem.
736 2200 819 2262 Inter
839 2201 977 2282 proelium
1003 2198 1086 2262 etad

113 2281 211 2338 cestre
225 2279 358 2340 Romane
370 2283 530 2356 pugnatum
541 2283 588 2338 est
599 2277 741 2340 adversus
754 2287 869 2359 partem
882 2278 1040 2358 copiosum,
1050 2277 1088 2338 ab

113 2355 283 2428 Tolumnio,
295 2355 410 2418 utente
432 2355 544 2416 dictum
565 2361 621 2426 est,
641 2357 679 2418 ed
700 2364 799 2418 cestra
811 2357 940 2420 missam.
979 2356 1086 2418 Fabius

111 2435 276 2497 Vibulenus
290 2440 398 2510 coronet
412 2434 540 2516 primurn
554 2435 664 2494 vellum
677 2435 820 2507 defendit,
832 2437 963 2500 intentos
976 2431 1087 2496 deinde

109 2514 210 2576 hostes
223 2514 256 2574 in·
269 2515 390 2588 vellum,
401 2529 536 2594 egressus
547 2512 653 2577 dextre
661 2515 832 2595 principaii,
843 2535 910 2575 cum
920 2511 1029 2575 triariis
1040 2531 1086 2574 re·

111 2593 200 2676 peste
211 2592 341 2664 invedit;
363 2613 422 2674 quo
433 2611 544 2674 pavore
565 2592 687 2675 injecto,
700 2595 801 2655 cedes
814 2595 919 2665 minor,
932 2593 1002 2674 quia
1013 2611 1085 2684 peu·

6 2693 7 2738 l
111 2673 205 2734 ciores
217 2678 321 2742 erent;
342 2672 410 2752 suge
424 2692 482 2732 non
496 2672 598 2734 ninus
608 2673 733 2754 trepide,
746 2674 836 2754 quim
849 2675 881 2734 in
894 2674 967 2742 scie,
979 2671 1045 2732 furt.

150 2753 217 2810 XX.
236 2750 379 2812 Omnibus
403 2751 475 2810 loeis
495 2771 528 2812 re
548 2752 623 2810 bene
645 2759 740 2832 geste,
753 2753 881 2814 dictator
894 2757 1085 2812 senatuscon-

112 2831 190 2896 sulto
199 2831 344 2908 jussuque
364 2827 465 2912 populi
486 2829 669 2966 triurqplons
683 2831 714 2890 in
726 2831 827 2890 urbem
841 2828 939 2890 'rediit
980 2827 1084 2906 Longe

110 2907 269 2972 niaximum
282 2905 421 2986 triumphi
442 2913 561 2987 spectac
594 2927 645 2968 um
668 2907 725 2968 suit
738 2908 858 2976 Cossus,
881 2905 975 2985 spolie
988 2905 1086 2986 opima

110 2987 189 3069 regis
202 2983 351 3046 interlecti
363 3003 487 3064 gereon
506 2987 538 3049 in
556 3005 631 3046 eum
651 2985 760 3048 milites
772 2987 903 3046 cernrina
923 2983 1084 3056 incondite,

112 3069 266 3150 aequautes
279 3081 347 3123 eum
359 3065 624 3134 iterante-canere.
664 3065 764 3146 Spolia
776 3065 807 3146 in
822 3063 888 3126 aede
900 3063 981 3124 Jovis
995 3063 1083 3124 Fere·

7 3191 8 3206 ,
110 3150 160 3211 trii
172 3161 263 3226 prope
277 3141 396 3202 Romuli
409 3141 512 3222 spolie,
524 3161 601 3220 qnae,
614 3143 708 3224 prime
721 3143 827 3222 Opima
847 3143 1006 3225 appellate,
1018 3141 1081 3202 sole

111 3234 147 3290 et
168 3226 345 3302 tempestate
359 3229 454 3290 erent,
468 3239 535 3280 cum
549 3221 664 3282 solenni
685 3222 871 3285 dedicatione
890 3222 970 3281 deno
996 3221 1061 3280 fixit
1071 3240 1082 3291 3

111 3307 315 3378 everteretque
328 3300 363 3377 vin
378 3319 410 3360 se
425 3298 442 3358 s
456 3317 540 3360 curru
555 3300 710 3366 dictatoris
723 3302 830 3364 civium
844 3321 906 3370 oea,
917 3306 948 3360 et
961 3299 1082 3360 celebri·

110 3386 180 3446 tetis
193 3383 256 3462 ejus
269 3378 329 3460 diei
353 3377 480 3440 fructum
494 3380 584 3460 propt
597 3381 677 3441 selus
690 3382 809 3443 toleret.
849 3380 986 3439 Dictator
998 3397 1081 3439 coro·

110 3482 178 3524 nem
188 3477 305 3524 eorsum
318 3458 421 3520 librom
434 3457 534 3539 pondo
546 3480 583 3520 ex
596 3460 713 3539 publice
725 3460 860 3540 pecunia,
872 3457 972 3538 populi
979 3459 1078 3536 jussus

110 3541 141 3606 iu
155 3537 300 3620 Capitolio
322 3539 389 3601 lovi
401 3537 638 3618 donumposuit.
676 3539 788 3602 Omnes
799 3545 870 3600 ente
882 3555 930 3596 me
943 3545 1078 3596 auctores

108 3627 237 3688 secutus,
250 3617 462 3680 neomesiam
486 3615 612 3678 Cossum
633 3617 782 3680 tribunum
799 3616 928 3676 militum
947 3611 1079 3674 seeundo
1180 3693 1181 3698 ἵ

107 3699 202 3782 spolie
214 3697 310 3784 opion
321 3699 402 3784 levis
416 3695 542 3770 Feretrii
553 3700 666 3786 templo
677 3699 824 3784 intulisse
836 3696 978 3790 exposuit
998 3698 1081 3764 cete·
