2372 4116
531 207 658 292 ornari
679 227 732 292 ιν.
825 229 827 236 ’
932 323 934 330 y
1053 229 1111 290 ror

139 392 300 456 Consulem
313 391 428 494 signum
441 406 558 470 quoque
570 391 649 449 intra
661 387 771 450 vallum
783 385 922 470 injecisse
936 387 1108 466 feruntque
1130 385 1133 392 “

64 499 68 512 ·
138 471 251 532 milites
271 473 369 542 acrius
393 471 525 531 subirent
536 490 545 540 3
576 467 794 548 repetendoque
816 468 899 548 signo
918 467 1043 548 primam
1055 467 1109 526 im·

137 549 319 630 pressionem
332 552 450 612 iactam.
497 548 539 610 ut
551 545 686 612 dictator,
698 553 817 635 proruto
831 547 917 616 vello,
925 549 987 626 J'am
1000 546 1031 607 iu
1046 563 1110 603 cas·

136 630 335 703 traproelium
358 625 508 689 intulerat.
558 627 635 684 'Pam
655 623 741 703 abjici
760 624 868 703 passim
881 643 970 696 armo,
989 643 1024 684 ac
1038 621 1109 684 dedi

137 703 235 768 hostes
250 709 343 789 coepti
354 728 365 777 ;
385 704 552 784 castrisque
561 711 592 764 et
604 703 649 764 his
659 701 763 782 captis,
773 703 883 782 hostes,
895 710 1015 786 praeter,
1025 721 1110 768 sena·

136 787 226 858 tusce,
239 782 526 846 omnes‘venumdati
537 789 615 842 suut.
654 780 772 842 Praedae
787 801 853 860 pars
867 801 919 841 sua
932 799 1109 862 cognosceu-

16 905 17 946 ᾗ
134 855 346 924 tibusLatinis
358 868 447 942 atque
462 861 600 923 Hernicis
608 858 743 929 reddita3
763 865 877 940 partem
888 862 943 920 sub
954 861 1037 920 hasta
1047 858 1109 922 dic·

134 945 215 1000 tator
227 941 362 1002 vendidit
374 939 608 1024 rpraepositoque
620 938 741 998 consule
755 937 871 1012 castris,
884 937 956 1076 iffise,
965 937 1056 998 ,trium
1077 935 1109 996 h·

136 1035 191 1078 ans
201 1017 337 1081 invectus
349 1019 463 1090 urbem,
484 1017 634 1095 dqctatura
647 1035 678 1076 se
692 1015 847 1076 abdicavit.
924 1017 1034 1098 gregiae
1069 1015 1110 1075 ic·

134 1099 244 1157 taturae
252 1098 369 1160 tristem
382 1095 551 1156 memoriam
564 1095 686 1166 lucium,
704 1095 755 1173 qui
764 1093 856 1154 filium
866 1097 903 1154 ab
913 1091 1109 1162 Aliostumi'o,

135 1173 226 1252 quiid,
247 1177 399 1236 occasione
419 1176 493 1234 bene
513 1173 663 1254 pugnandi
684 1181 800 1251 captus,
819 1173 932 1254 injussu
946 1172 1109 1234 decesserit

131 1287 134 1292 ι
155 1253 284 1324 raesidio,
296 1254 437 1314 victorem
451 1251 547 1312 securi
559 1269 730 1332 percussum
742 1249 880 1328 traduut3
900 1273 954 1315 nec
962 1252 1034 1314 libet
1044 1271 1108 1312 cre·

133 1269 223 1403 dere3
242 1337 274 1392 et
287 1329 532 1406 licetinvariiso
552 1329 715 1409 inionibus3
734 1328 1107 1408 etamumentoesequsu

131 1408 258 1500 imperia
268 1409 432 1477 Manliana,
450 1425 513 1476 nou
523 1347 722 1473 liostumiana,
741 1379 890 1486 appellata
903 1407 980 1469 sint:
1001 1427 1105 1486 quum,
1168 1423 1169 1426 ¹

132 1488 281 1570 quaprior
295 1491 472 1548 auctoriam
485 1486 559 1544 saevi
572 1484 699 1565 exempli
712 1481 800 1558 iuret,
811 1489 1006 1565 occupaturus
1019 1485 1108 1578 iusig-

40 1614 43 1619 .
131 1584 202 1626 nem
214 1565 334 1626 titulum
355 1561 539 1624 crudelitatis
553 1561 650 1624 luerit.
689 1557 851 1642 imperioso
864 1583 981 1644 quoque
992 1561 1108 1624 Manlio

133 1642 434 1723 cognomen-inditum
448 1661 456 1700 ι
477 1641 644 1702 Postumius
658 1639 741 1702 nulli
755 1640 834 1702 tristi
847 1647 918 1702 notu
932 1642 1107 1735 estiusiqni-

16 1717 17 1726 ’
131 1727 190 1780 tus.
230 1718 491 1786 contineremus
505 1719 1107 1800 aedemVApollinismbserrtecollect,sruu

16 1783 18 1826 ³
132 1804 213 1860 sorte
225 1799 392 1876 dedicavit:
425 1797 505 1880 aegrt
521 1798 551 1858 id
571 1817 675 1880 passus
688 1797 853 1871 Quinctius,
866 1819 968 1878 quum,
983 1766 1107 1860 dimisso

123 1877 273 1950 ,exercitu
284 1878 316 1938 iu
328 1879 430 1938 urbem
443 1875 581 1946 redisset,
598 1875 793 1958 nequicquam
807 1875 839 1936 iu
860 1884 963 1942 senatu
977 1883 1024 1940 est
1036 1885 1107 1938 con'·

130 1961 263 2036 questus
313 1953 427 2038 Insigni
439 1955 552 2036 mugnis
572 1957 658 2016 rebus
671 1965 748 2015 anno
761 1953 890 2027 additur,
904 1946 975 2014 nihil
989 1955 1052 2015 tum
1064 1955 1104 2016 ad

130 2053 193 2094 rem
207 2035 370 2097 Romanam
383 2033 531 2116 pertinere
544 2030 1015 2114 visum,=quod0artl1agiuicnses,
1028 2035 1105 2097 tanti

130 2109 232 2174 hostes
243 2109 344 2186 futuri,
355 2121 422 2174 tum
433 2111 559 2193 primum
612 2111 796 2174 reeditiones
810 2111 975 2175 Siculorum
989 2112 1026 2172 ud
1041 2133 1105 2192 par·

131 2187 171 2248 tis
183 2191 304 2252 alterius
317 2191 456 2252 auxilium
470 2192 501 2250 in
513 2190 575 2251 Sici
588 2190 646 2251 iam
656 2190 818 2252 exercitum
830 2192 983 2270 trajecere.
1001 2223 1004 2228 -

160 2269 265 2328 XXX.
285 2267 478 2350 Agitatumiu
491 2269 607 2329 urbeab
616 2269 740 2329 tribunis
750 2267 854 2348 plebis,
863 2273 897 2328 ut
906 2269 1016 2330 tribuni
1029 2271 1105 2332 mili-

130 2350 195 2405 tum
203 2348 351 2408 consulari
379 2343 696 2420 otestatecreareutur3
710 2366 765 2408 nec
775 2345 900 2408 obtineri
909 2349 1012 2427 potuit
1025 2349 1105 2410 Cun-

131 2424 213 2486 sules
225 2425 300 2486 liunt
312 2427 348 2486 L.
358 2369 496 2507 l‘apiriue
505 2424 640 2495 Crassus,
651 2427 686 2485 L.
694 2425 802 2490 Julius.
839 2425 1005 2564 AEquoruni
1014 2427 1104 2507 legati

129 2499 229 2564 foedus
242 2507 278 2565 ab
291 2509 395 2566 senatu
407 2505 476 2565 crim
490 2508 646 2584 petissent,
655 2511 686 2568 et
695 2517 747 2586 pro
757 2503 838 2564 ioede

129 2585 251 2654 iuretur,
264 2582 397 2644 inducias
410 2595 553 2644 annorum
567 2588 633 2642 octo
648 2584 887 2664 impetraverunt.
927 2582 1104 2648 volscorum

840 2524 881 2566 re·
904 2503 1104 2568 editiuosteu·
1132 2543 1139 2564 r

16 2715 17 2724 ,
129 2673 189 2733 res,
201 2681 290 2742 super
309 2670 461 2742 acceptam
474 2661 505 2722 iu
516 2661 633 2740 ¹¹Algido
644 2662 771 2733 cladem,
782 2661 928 2742 pertinaci
941 2663 1102 2726 certamine

16 2739 17 2744 ’
92 2753 93 2756 ’
128 2737 208 2798 iuter
221 2739 302 2817 pacis
313 2740 442 2817 bellique
453 2744 588 2799 auctores
600 2742 631 2798 iu
640 2740 738 2821 jurgia
746 2745 779 2798 et
795 2739 956 2803 seditiones
969 2759 1102 2802 uersa.-

16 3111 17 3116 ,
127 3056 275 3134 paverunt
287 3050 373 3123 ferre.

130 2815 272 2894 Undique
290 2816 382 2877 otium
396 2816 453 2877 iuit
465 2814 618 2876 Romanis.
655 2817 770 2896 Legem
779 2817 818 2876 de
831 2816 1008 2876 muletarum
1025 2819 1104 2879 sesti·

89 2929 91 2932 ·
128 2895 259 2956 motione
271 2901 436 2976 pergratam
454 2893 571 2976 populo,
589 2913 678 2973 quum
693 2897 729 2954 sb
740 2893 866 2970 tribunis
888 2897 985 2974 parari
998 2915 1103 2958 consu·

127 2971 174 3038 les
186 2971 273 3032 unius
283 2993 323 3034 ex
335 2973 460 3110 οοΙΙἛίο
479 2971 646 3052 proditione
666 2971 860 3052 excepissent,
880 2972 937 3064 ipsi
949 2975 1109 3053 piaeoccu··

439 3050 558 3110 onsules
572 3051 607 3110 L.
621 3049 739 3188 Serqius
755 3049 880 3112 Fidenas
893 3056 1009 3125 uterum,
1027 3055 1101 3116 Hos-

16 3119 17 3152 *
126 3135 177 3192 tus
192 3129 351 3190 Lucretius
364 3127 568 3220 Tricipitinus.
606 3127 678 3189 Nihi
703 3129 826 3210 dignum
838 3130 920 3190 dictu
941 3135 1039 3191 actum
1053 3133 1102 3194 his

98 3204 102 3213 '
128 3207 306 3272 consulibus.
355 3207 457 3267 Secutr
470 3226 521 3267 eos
534 3207 683 3278 consules,
698 3207 737 3271 A.
756 3201 910 3269 Cornelius
929 3203 1048 3278 Cossus,
1061 3211 1108 3272 Τ.-

129 3285 286 3361 Quinctius
306 3286 426 3348 Pennus
446 3285 563 3347 iterum.
612 3285 754 3378 Veientes
767 3285 797 3346 iu
811 3306 913 3368 agrum
933 3286 1099 3350 Romanum
1168 3339 1169 3342 η

33 3420 39 3424 .
129 3365 316 3430 excursiones
329 3364 472 3426 feceruut.
524 3363 615 3424 Fama
628 3363 692 3434 furt,
704 3359 848 3444 quosdam
860 3385 897 3426 ex
910 3363 1098 3430 Fidenatium

125 3441 283 3522 juveutute
296 3441 456 3523 participes
475 3447 539 3502 e'us
553 3443 754 3522 populationis·
773 3443 880 3506 luisses
912 3446 1100 3525 cognitioque

81 3565 82 3568 ,
130 3520 195 3671 pipp
208 3521 249 3582 rei
261 3521 299 3580 L.
311 3520 424 3612 sergio,
435 3525 466 3581 et
476 3464 512 3612 d:
525 3519 659 3618 Servilio,
669 3527 702 3582 et
712 3521 806 3590 Mam.
814 3519 1097 3620 AEmilioperruissa.

179 3598 257 3660 udam
265 3599 376 3660 Ostiam
386 3598 616 3680 relegauquod,
626 3619 679 3660 cur
686 3619 740 3682 per
752 3619 804 3662 eos
813 3599 878 3660 drus
893 3625 908 3658 a
921 3600 1041 3660 Fidenis
1054 3599 1097 3659 al*-

128 3675 252 3761 uisseut,
261 3677 538 3816 parumlqopstabuu
550 3676 718 3744 colonorum
728 3678 847 3745 additus
857 3695 1005 3750 uumerus,
1015 3677 1102 3769 egeri
