2372 4116
13 3713 19 3956 l
50 3863 58 3878 .

522 245 648 344 LIBER
667 247 705 306 V.
942 241 944 247 ’
1036 255 1094 314 288

116 419 177 484 qne
190 407 311 474 vestras,
320 423 368 465 riae
381 423 436 494 ego
448 402 574 464 libenter
585 400 741 480 experirer,
752 401 839 482 qudm
851 419 911 464 non
920 403 988 483 plus
999 405 1029 468 in
1037 407 1106 470 hit

109 481 200 560 juris,
212 481 301 559 qudm
313 482 321 540 i
326 501 342 541 n
355 483 434 541 vobis
444 479 544 548 animi,
556 484 644 538 esset.
682 478 742 538 Sed
753 479 835 539 nefas
846 486 893 540 est
902 483 1085 545 tenderead·

114 577 219 618 versus
232 562 435 619 auctoritatem
456 561 595 624 senatilsr
615 556 737 633 proinde
750 563 782 617 et
800 576 853 616 vas
865 558 992 632 desinite
1004 561 1085 624 inter

111 640 216 694 nostre
234 638 395 698 certamina
414 637 512 694 locum
530 633 646 714 injuriae
666 654 815 713 quaerere:
836 637 868 693 et
888 636 1010 716 collegae
1032 645 1085 702 aut

113 709 237 781 sacient,
262 714 343 792 quod
367 717 469 774 censet
492 719 620 779 senatus,
633 717 696 780 aut,
718 711 743 772 si
756 710 936 792 pertinacide
951 715 1086 786 tendent.

10 793 11 800 ’
109 787 287 850 dictatorern
300 789 564 872 extemplodicam,
576 787 777 868 quieosabire
788 787 958 868 magistratu
970 793 1084 871 cogat''
1123 793 1131 808 '

110 865 212 938 Quum
225 867 355 927 ninnium
368 882 493 930 assensu
503 867 688 946 comprobata
708 865 800 926 cretio
813 871 901 936 esset,
912 868 1087 946 gauderent-

109 961 171 1021 que
185 943 298 1014 Patres,
320 943 561 1004 sinetribuniciae
583 943 739 1022 potestatis
762 941 909 1003 terriculis
933 943 1085 1005 inventam
1173 951 1174 956 ’

109 1037 178 1080 osse
192 1020 279 1078 aliam
292 1021 353 1080 rim
365 1023 504 1100 majorem
525 1021 563 1079 ad
584 1019 763 1080 coercendos
786 1019 989 1098 magistratum
1010 1019 1083 1084 victi

10 1147 12 1158 ,
110 1115 259 1156 consensu
281 1099 409 1159 omnium
422 1097 540 1160 coniitia
553 1096 736 1158 tribunoruin
747 1096 871 1157 rnilitum
882 1097 1016 1170 habuere,
1029 1097 1082 1177 qui

110 1171 257 1234 Kalendis
275 1171 447 1235 Octobribus
473 1175 675 1264 magistratum
695 1174 880 1254 acciperent:
901 1191 992 1254 seque
1013 1181 1085 1238 ante

10 1263 11 1300 1
112 1269 181 1310 eam
195 1249 272 1310 diem
286 1251 457 1332 magistratu
477 1251 656 1313 abdicavere.

151 1327 188 1387 X.
208 1329 244 1388 L.
260 1329 376 1396 Valerio
389 1329 486 1390 Potito
499 1330 648 1408 quartdm,
669 1330 711 1388 M.
724 1329 815 1392 llario
828 1329 956 1392 Camillo
968 1332 1085 1404 itemm,

110 1402 156 1463 M.
171 1405 294 1464 AEmilio
308 1406 491 1466 Mamercino
502 1405 632 1474 tertidm,
643 1405 699 1464 Gn.
711 1405 852 1466 Cornelio
864 1407 958 1466 Cosso
968 1407 1087 1481 iterum,
1174 1475 1175 1478 Ἴ

110 1481 150 1572 Ις.
163 1483 252 1540 Fabio
266 1483 418 1552 Ambusto,
431 1481 468 1540 1..
479 1481 567 1572 lulio·
576 1481 650 1574 iulo,
663 1481 788 1542 tribunis
807 1481 935 1542 militum
950 1485 1085 1545 consula·

108 1559 1086 1724 tttttttiittttntttttlfbaettttftttttttlfllt

10 1751 11 1786 ,
110 1713 252 1781 Falerios,
265 1713 466 1782 etinVolsois,
475 1719 510 1771 ut
519 1718 623 1772 Anxur
632 1713 806 1774 abhestibus
817 1735 886 1775 reon
925 1720 1090 1786 rareturiet

10 1795 11 1800 ’
112 1789 906 1862 Romaesimuldelectu,simultributoconlerendo,la⁴
926 1797 1086 1854 ratumest·

113 1873 144 1928 et
158 1867 196 1928 de
210 1867 332 1928 tribunis
345 1867 441 1948 plebei
455 1868 628 1948 cooptandis
642 1867 879 1938 contentiosum
892 1868 1009 1930 ethaud
1025 1889 1090 1950 pare

108 1965 177 2005 vum
193 1951 301 2004 motum
315 1945 374 2006 duo
380 1944 494 2024 judicia
504 1965 615 2016 eorum,
625 1945 677 2024 qui
690 1945 778 2026 paulo
791 1945 861 2008 inte
875 1945 1020 2007 consulari
1035 1965 1086 2026 po·

109 2028 218 2085 testate
241 2022 368 2094 fuerant,
384 2023 528 2084 exolvere.
567 2023 847 2114 Omnium-primum
870 2021 995 2084 tribunis
1009 2025 1087 2084 mili·

11 2127 15 2138 ·
109 2099 241 2160 tumtuil
264 2101 412 2161 delectum
434 2096 557 2170 haberi}
576 2121 633 2161 uec
650 2104 784 2181 juniores
807 2101 895 2162 modb
918 2101 1089 2182 conscripti,

110 2175 163 2237 sed
175 2175 304 2236 seniores
325 2175 415 2238 etiam
439 2179 533 2238 coacti
547 2179 666 2238 nomina
687 2178 768 2250 dare,
781 2186 815 2239 ut
827 2177 907 2238 urbis
920 2179 1089 2240 custodiam

11 2277 12 2292 .
107 2257 243 2330 agerent.
282 2254 431 2326 Quantum
443 2261 541 2316 autern
552 2255 851 2330 angebaturmilitum
865 2260 1090 2326 numer-usstan-

110 2336 142 2392 to
155 2331 267 2410 majore
277 2331 404 2410 pecunie
423 2333 455 2392 in
476 2329 656 2409 stipendium
676 2351 749 2412 opus
769 2339 849 2394 orat:
869 2351 963 2410 eaque
979 2333 1090 2393 tributo

111 2408 330 2481 conferebatur,
343 2409 444 2474 invitis
471 2406 699 2479 conferentibus,
721 2407 773 2487 qni
796 2409 875 2470 dorni
888 2411 1091 2484 remanebant,

110 2485 179 2564 quia
201 2488 351 2547 tuentibus
372 2488 473 2548 urbem
494 2489 585 2564 operti
609 2503 648 2563 qu
688 2505 726 2546 ue
744 2485 864 2550 militari
887 2487 1090 2561 laborandum,

111 2559 361 2642 serviendumque
374 2563 544 2643 reipublicae
559 2567 631 2622 erat.
705 2583 749 2625 aec
763 2583 816 2656 per
828 2584 861 2626 se
873 2563 984 2644 gravia,
995 2563 1056 2625 indi
1078 2598 1091 2611 ·

111 2639 193 2700 niora
210 2645 245 2698 ut
257 2641 439 2714 viderentur,
454 2639 564 2701 tribuni
578 2639 671 2718 plebis
686 2641 834 2704 seditiosis
845 2642 1037 2702 concionibus
1059 2659 1089 2702 a·

12 2741 13 2744 ¹
109 2717 242 2784 ciebant3
271 2717 370 2776 “ideo
395 2737 455 2778 aera
479 2717 622 2778 militibus
643 2719 806 2778 constituta
826 2724 910 2778 esse”
928 2719 1094 2796 arguendo,

109 2791 281 2871 “ut‘plebis
305 2798 421 2871 partem
445 2793 561 2862 militie,
585 2797 700 2871 partem
727 2793 836 2854 tributo
860 2793 1090 2854 conficerent.-

12 2927 13 2934 ,
109 2867 206 2931 Unum
230 2869 341 2928 bellurn
365 2889 479 2932 annum
494 2871 558 2950 jam
572 2869 693 2930 tertium
706 2869 793 2942 trahi,
806 2877 838 2930 et
852 2870 999 2953 ¹consultd
1011 2871 1090 2931 malt

12 2953 13 3008 l
109 2948 180 3028 geri,
191 2953 227 3008 ut
238 2945 351 3007 diutids
364 2952 485 3038 gerant3
504 2948 536 3008 in
549 2951 683 3026 quatuor
706 2945 814 3008 deinde
827 2947 905 3006 bella
917 2967 976 3008 uno
988 2948 1089 3009 delec-

108 3035 139 3086 tu
152 3023 299 3088 exercitus
318 3031 453 3104 sumptos,
473 3031 504 3085 et
516 3042 622 3102 pueros
640 3041 758 3103 qnoque
772 3043 806 3082 ac
830 3043 916 3085 senes
930 3031 1089 3088 extractos.

12 3113 13 3128 ¹
108 3105 172 3165 lain
184 3121 243 3163 non
258 3101 371 3163 aestatis
391 3121 447 3162 nec
469 3100 572 3162 hiemis
595 3099 753 3162 discrimen
769 3119 845 3174 esse,
859 3119 896 3161 ne
922 3102 983 3162 ulla
1004 3103 1090 3182 quies

107 3199 234 3258 unquam
255 3178 370 3238 misere
399 3179 478 3259 plebi
491 3179 549 3239 sit:
572 3195 640 3254 quae
663 3197 742 3238 nunc
765 3177 855 3240 etium
879 3179 1085 3268 vectigalisad

116 3257 251 3316 ultimum
275 3255 354 3315 sacta
373 3256 432 3328 sit3
450 3261 496 3326 ut,
520 3266 611 3336 quum
632 3255 766 3346 confecta
786 3255 1094 3348 laborevulnenbup,

119 3331 265 3412 poetremd
280 3337 368 3394 aetate
383 3353 506 3426 corpora
522 3331 689 3402 retulerint,
701 3332 873 3409 incultaque
886 3351 984 3392 omnia
1001 3331 1092 3396 diuti-

119 3425 156 3469 no
175 3409 358 3470 dominorum
380 3410 527 3472 desiderio
547 3408 628 3468 domi
648 3409 824 3478 invenerint,
844 3409 985 3469 tributum
999 3428 1036 3470 ex
1048 3409 1091 3472 af·
1171 3415 1174 3421 “

118 3484 195 3546 lecta
207 3505 238 3544 re
251 3486 388 3548 familiari
401 3487 551 3567 pendant3
572 3504 691 3565 aeraquo
715 3485 865 3555 militaria,
881 3487 963 3546 velut
975 3487 1091 3548 toenore

121 3566 248 3640 accepta,
264 3564 441 3644 multiplicia
451 3563 621 3644 reipublicae
643 3562 797 3625 reddant.”
835 3563 919 3624 Inter
942 3563 1093 3624 delectum

119 3638 326 3724 pontumque,
339 3647 370 3746 et
383 3647 542 3782 occupipos
557 3639 669 3710 minii
682 3642 825 3724 munium
839 3659 939 3706 rerum
947 3639 1035 3711 ciiii,
1045 3654 1100 3724 cop
