2388 4120
243 96 252 122 r
302 87 324 148 Υἶ
338 77 346 130 ,’
379 65 384 73 '

291 161 307 187 l
672 205 678 211 .

503 225 629 300 LIBER
650 235 691 296 ll.
935 264 944 282 ⁶
1046 245 1082 302 91

18 362 33 386 ‚¹
315 322 316 325 Ἴ
365 354 370 370 “
581 309 747 390 ffi'sslissb·
805 309 1033 370 d*'⁵'·l²¹⁴‘⁴¹‘⁰

111 392 204 476 AEqu'i
218 394 335 456 Attium
355 393 479 472 Tullum
499 394 576 454 haud
590 394 670 468 ultra
682 393 783 462 ,tulere
797 395 913 456 ducem.
955 393 1035 458 Hinc
1049 417 1085 460 ex
1105 419 1110 430 ·

112 475 279 544 certamine,
292 474 393 534 Volsci
408 475 448 534 m
472 473 541 534 uine
553 463 757 560 impi'efiatorem
771 477 929 556 conjuncto
939 476 1084 537 exercitui

110 553 225 623 darem,
246 552 369 622 seditio,
381 495 490 612 deinde
505 555 593 610 atrox*
613 551 749 631 proelium
762 561 869 612 crtum.
907 551 951 610 lbi
965 550 1084 615 fortuna

108 631 210 712 populi
224 631 351 692 Romani
363 631 438 690 duos
451 629 578 690 hostium
601 628 756 700 exercitus,
778 631 855 692 haud
876 629 974 690 minda
1007 631 1085 694 erni·

109 709 294 790 ciosoquam
306 709 454 790 PEfllllel
467 705 637 777 certamine,
656 707 791 772 confecit.
830 709 975 768 Consules
1018 709 1084 770 ‚si-

108 781 205 848 cinius
227 795 259 850 et
282 787 318 846 C.
337 785 484 866 Aquilius.
530 784 642 846 Sicinio
666 786 935 866 Volsci,‘Aquillio
960 787 1083 849 Hernici

108 867 194 1004 lqfflm
209 867 231 926 ii
273 885 349 944 oque
362 865 498 925 inarmis
521 864 617 942 erant)
631 865 784 944 provincia
807 865 915 926 evenit.
952 864 996 924 Eo
1008 885 1085 926 anno

141 945 236 1004 ernici
251 887 380 1002 devictis
401 962 467 1002 cum
481 942 600 1002 Volscis
613 961 700 1022 aequo
713 941 812 1003 Marte
826 943 988 1002 discessum
1001 951 1056 1004 est.

150 1023 234 1083 XLI.
255 1022 306 1100 Sp.
319 1020 439 1080 Cassius
461 1020 569 1081 deinde
583 1027 613 1080 et
627 1021 770 1082 Proculus
784 1019 934 1102 Virginius
948 1023 1084 1084 consules

107 1099 203 1170 facti3
223 1119 289 1159 cum
306 1099 442 1159 Hernicis
454 1098 672 1180 soedusictumr
686 1101 746 1178 agri
758 1107 856 1179 partes
875 1099 943 1158 duae
966 1100 1086 1182 ademp-

106 1183 163 1252 aae,
176 1178 248 1238 inde
262 1177 412 1237 dimidium
426 1177 549 1246 Ietinis,
563 1177 717 1238 dimidium
731 1179 807 1256 plebi
819 1177 966 1240 divisurus
980 1180 1084 1240 consul

107 1256 232 1316 Cassius
243 1263 315 1315 erat.
345 1255 512 1333 Adjiciebat
522 1253 709 1316 buiamuneri
717 1255 779 1336 agri
790 1255 985 1335 aliquantum,
994 1278 1084 1337 quern

128 1333 255 1410 oblicum
272 1331 413 1414 possideri
427 1337 445 1393 ai
458 1331 581 1414 privatis
595 1330 813 1394 criminabatur.
853 1333 890 1392 ld
904 1335 1085 1415 multosqui·

106 1355 176 1473 dem
190 1413 319 1482 Petrum,
333 1412 413 1490 ipsos
427 1428 623 1494 possessores,
635 1412 770 1492 periculo
782 1431 880 1472 rerum
895 1431 1010 1484 suarum
1026 1425 1085 1474 ter-

106 1493 198 1562 rebat,
209 1491 261 1552 sed
276 1496 306 1551 et
320 1489 437 1570 publica
455 1490 592 1550 Patribus
613 1489 782 1550 sollicitudo
802 1489 908 1558 inerat,
928 1490 1085 1566 largitione

107 1569 260 1630 consulem
274 1564 456 1650 pericidosas
472 1567 603 1631 libertati
616 1587 688 1648 opes
701 1573 824 1628 struere.
863 1569 941 1628 Tum
957 1569 1085 1648 primdm

107 1648 158 1708 lex
167 1646 280 1728 agraria
294 1648 478 1738 proera
491 1650 554 1714 esta
574 1644 724 1725 nuriquam
739 1645 848 1706 deinde
859 1665 953 1726 usque
964 1647 999 1708 ad
1008 1647 1084 1709 banc

106 1726 278 1802 memoriam
292 1746 356 1786 sme
373 1723 507 1786 maximis
521 1723 645 1788 motibus
659 1744 755 1784 rerum
765 1723 884 1808 agitata.
922 1724 1034 1786 Consul
1043 1727 1086 1786 al·

108 1809 154 1878 ter
167 1800 315 1881 lar'itioni
328 1803 493 1873 resistebat,
506 1802 673 1862 auctoribus
688 1797 831 1870 Patribus,
844 1821 900 1862 nec
909 1802 988 1862 omni
999 1804 1085 1882 plebe

86 1894 93 1900 “
109 1878 251 1944 adversari
267 1870 301 1942 ἔτ
322 1902 390 1961 quae
405 1881 501 1962 primb
515 1886 649 1960 coeperat
662 1879 804 1950 fastidire,
816 1897 923 1940 munus
934 1881 1086 1962 vulgatum

109 1961 332 2038 acivibusdsse
345 1961 374 2020 in
390 1953 503 2032 socios;
522 1979 603 2039 saepe
622 1941 783 2020 detondet·
796 1957 961 2037 Virginium
982 1978 1086 2032 consu-

108 2041 167 2102 lem
181 2040 212 2100 in
224 2039 428 2100 conscionibus
438 2039 523 2108 velut
531 2035 741 2098 vaticinantem
750 2035 896 2106 audiebat,
908 2045 925 2071 “
937 2037 1085 2098 Pestilens

108 2120 232 2198 collegae
247 2137 353 2176 munus
367 2137 441 2180 esse.
481 2120 577 2198 Agros
590 2115 658 2175 illos
671 2113 843 2176 servitutem
859 2115 904 2184 iis,
916 2115 965 2195 qui
980 2135 1086 2198 accep-

107 2195 198 2264 erint,
218 2196 347 2268 la'turos3
367 2195 548 2275 regnovidm
560 2193 635 2254 fieri.
674 2191 752 2268 Quid
767 2193 809 2254 ita
823 2195 904 2254 enim
917 2195 1028 2254 assumi
1040 2215 1085 2256 so-

18 2289 20 2304 ¹
109 2272 173 2334 cios·
188 2279 338 2346 etnomen
362 2272 523 2333 Latinum?
543 2271 621 2346 Quid
645 2269 809 2343 attinuisse,
832 2272 983 2344 Hernicis,
996 2275 1084 2353 paulo

18 2415 20 2424 ,
108 2358 181 2414 ante
194 2350 334 2419 hostibus,
355 2351 433 2429 capti
452 2351 514 2432 agri
532 2355 645 2429 partem
667 2350 783 2411 tertiam
804 2351 899 2422 reddi,
919 2351 977 2412 nisi
990 2359 1023 2412 ut
1035 2353 1083 2412 hae

106 2435 214 2510 gentes
236 2449 289 2509 pro
310 2427 466 2509 Coriolano
493 2431 569 2490 duce
590 2427 724 2488 Cassium
738 2427 909 2490 ‘habeant’
929 2431 1084 2510 Popularis

18 2549 19 2558 a
101 2513 165 2590 jam
177 2527 242 2569 esse
257 2507 405 2568 dissuasor
419 2515 449 2568 et
462 2509 640 2569 intercessor
652 2507 725 2590 legis
739 2507 861 2600 agrariae
872 2515 1024 2590 coeperat3
1038 2516 1084 2572 ut·

18 2639 19 2660 ,
105 2607 197 2666 erque
221 2584 328 2646 deiude
353 2587 454 2646 consul
490 2585 635 2666 certatim·
650 2585 728 2665 plebi
758 2585 919 2666 indulgere.
967 2587 1084 2671 Virgin-

104 2665 152 2725 ius
162 2665 274 2734 dicere,
297 2683 449 2744 passurum
475 2686 506 2725 se
530 2661 588 2724 assi
610 2665 785 2744 nariagros,
809 2662 877 2724 dum
893 2685 930 2725 nc
945 2665 1001 2736 cui,
1026 2669 1082 2728 nisi

108 2743 165 2804 civi
178 2745 321 2812 Romano,
345 2743 540 2822 assignentur,
588 2685 722 2812 bassino,
743 2742 812 2820 quia
826 2742 854 2800 in
870 2743 983 2822 agraria
996 2744 1025 2803 la
1061 2747 1083 2806 i-

105 2822 186 2882 tione
200 2820 369 2881 ambitiosus
382 2817 415 2880 in
427 2821 530 2892 socios,
552 2819 647 2896 ebque
662 2819 772 2877 civibus
792 2819 877 2877 vilior
891 2825 963 2888 erat,
977 2827 1009 2878 ut
1024 2842 1041 2881 a
1053 2843 1082 2882 ιο

106 2916 226 2960 munere
241 2898 295 2960 sibi
310 2899 515 2960 reconciliaret
530 2897 638 2958 civium
660 2896 780 2962 animos,
794 2896 907 2975 jubere,
919 2917 972 2976 pro
983 2899 1083 2962 Siculo
1174 2935 1175 2948 κ

18 2985 30 2996 “
105 2977 253 3040 frumento
261 2973 415 3055 pecuniam
431 2982 583 3055 acceptam
593 2973 715 3032 retribui
728 2975 841 3052 populo,
882 2973 915 3034 ld
928 2977 997 3037 verb
1005 2976 1083 3042 baud

107 3062 205 3126 sacua,
219 3053 315 3129 Quam
326 3061 504 3133 praesentem
517 3050 684 3113 mercedem
695 3053 787 3134 regni,
800 3061 953 3134 aspernata
963 3055 1084 3136 -plebes;

106 3133 180 3196 adad
199 3140 321 3216 propter
342 3131 537 3210 suspicionem
562 3128 680 3190 insitam
694 3131 886 3213 regni,'uelnt
898 3134 1082 3200 abundarent

105 3215 211 3284 omnia,
232 3209 355 3272 munera
379 3213 442 3290 ejus
472 3209 502 3268 in
522 3208 626 3270 animis
645 3208 793 3270 huminum
821 3214 1081 3292 respuebantur-

106 3292 210 3366 Quem,
219 3293 268 3352 ubi
281 3287 409 3368 primdm
422 3287 593 3368 magistratu
607 3287 688 3360 abiit,
702 3287 871 3350 damnatum
882 3299 1080 3372 necatumque

19 3443 20 3446 Ἴ
94 3376 231 3452 cunstat.
282 3369 367 3438 Sunt,
381 3367 430 3446 qui
444 3373 558 3446 patrem
572 3371 721 3426 auctorem
735 3369 797 3448 ejus
812 3369 948 3450 supplicii
962 3369 1081 3433 seranta
1149 3410 1152 3416 ·

104 3467 182 3518 eum,
196 3448 313 3524 cogniti
327 3447 406 3507 domi
420 3450 519 3516 causa,
532 3445 702 3526 verberasse
716 3465 751 3506 ac
765 3451 898 3516 necasse,
918 3449 1081 3525 peculium·
1098 3497 1100 3502 .

103 3543 162 3602 que
176 3526 230 3586 tilii
244 3525 344 3586 Cereri
358 3524 594 3601 consecravisse3
616 3521 731 3599 signum
744 3523 814 3586 inde
828 3525 937 3586 sectum
960 3545 1034 3596 esse,
1048 3534 1079 3590 et

101 3601 287 3682 inscriptum,
297 3617 340 3664 ax·
352 3604 464 3666 Cassm
474 3621 733 3662 rnnrmumrrum.
772 3603 895 3678 lorenio
906 3603 983 3682 apud
993 3623 1079 3678 quos·

100 3681 180 3754 dam,
194 3682 282 3762 idque
295 3681 415 3764 propius
427 3680 516 3756 fidem
530 3685 587 3756 est,
602 3677 619 3748 si
633 3679 829 3760 quaestoribus
843 3680 883 3740 K.
896 3678 984 3778 Fabio
998 3677 1079 3742 etL.

378 3799 385 3818 Ο
558 3841 567 3868 x
591 3796 599 3820 ἱ
691 3863 701 3894 Ι
807 3889 809 3896 Ι
914 3797 923 3813 Ῐ

669 3949 673 3958 ·
693 3923 716 3988 ν
