2372 4116
89 207 152 276 254
495 201 536 264 T.
556 199 669 264 mvn.

94 369 172 436 rent,
182 367 336 442 urbemque
347 361 473 422 Romam
488 357 679 441 caperent,in
696 357 811 422 ltaliam
825 355 907 422 Galli
918 365 1073 422 transcen-

95 445 220 506 derunt:
241 462 295 502 nec
309 459 378 500 cum
402 439 448 499 his
461 439 589 520 primum
605 439 806 509 Etruscorum,
827 441 880 500 sed
894 439 988 500 multo
1000 433 1077 498 unte

94 543 161 584 cum
174 522 217 590 iis,
230 519 282 598 qui
291 519 370 580 inter
380 519 569 598 Apenninum
580 518 732 596 Alpesque
743 517 920 590 incolebant,
929 537 1011 596 saepe
1019 535 1076 576 ex·

95 599 202 680 ercitus
216 597 327 658 Gallici
340 615 516 678 pugnavere.
562 596 727 656 Tuscorum
748 601 817 656 aute
837 595 1003 664 Romanum
1016 593 1076 653 irn-

92 673 274 760 periumlutd
285 680 365 737 terra
380 673 510 754 miraque
524 694 595 754 opes
608 679 748 754 patuere3
762 674 834 736 mari
848 674 1077 754 superoinlero-

96 775 167 846 que,
188 753 293 832 quibus
316 754 403 814 ltalia
421 753 528 812 insulse
542 753 629 812 modo
650 751 789 832 cingitur,
816 761 955 832 quantuni
968 759 1079 832 potue·
1161 797 1162 802 ι

94 839 164 902 rint,
175 833 295 893 uomina
308 842 378 892 sunt
398 838 581 916 argumento,
623 829 683 890 ubd
701 829 828 891 alterum
846 832 978 891 Tuscum
991 847 1074 889 cum·

93 909 177 972 muni
195 911 336 972 vocabulo
350 909 458 990 gentis,
475 911 600 970 alterum
647 909 822 969 adriaticum
836 927 928 998 marp,
940 910 976 968 ab
990 907 1076 968 Had-

94 991 139 1050 ria
152 987 318 1061 Tuscorum
332 988 457 1058 colonia,
468 1008 611 1048 vocavere
624 987 868 1068 ltalicaegentes.
904 982 1009 1045 Graeci
1024 1001 1076 1046 ea·
1105 1023 1106 1026 =

94 1067 162 1130 dem
174 1067 363 1150 Tyrrhenum
377 1072 466 1146 atque
481 1065 687 1127 Hadriaticum
698 1072 813 1126 vocant.
832 1065 861 1125 li
871 1064 902 1126 in
913 1075 1075 1142 utrumque

93 1165 177 1208 mare
190 1152 345 1226 vergentes
358 1145 508 1216 incoluere
522 1145 638 1204 urbibus
652 1143 799 1202 duodenis
812 1149 916 1212 terras,
929 1142 1014 1222 priris
1028 1143 1077 1202 cis

95 1223 315 1302 Appenninum,
324 1221 382 1280 and
396 1220 522 1280 inferum
538 1241 625 1290 mare,
638 1227 741 1300 postea
752 1225 836 1280 trans
848 1221 1076 1310 Appenninum,
1161 1241 1162 1306 ι

93 1299 230 1372 totidem,
250 1304 323 1378 quot
341 1297 439 1378 capito
458 1297 578 1376 originis
596 1305 690 1366 crant.
711 1297 833 1358 coloniis
857 1317 971 1358 missus:
998 1317 1074 1376 quae

95 1383 179 1438 trans
192 1375 307 1436 Padum
326 1375 424 1436 omnia
444 1375 524 1449 toea,
538 1382 661 1457 excepto
679 1377 860 1435 Venetorum
880 1377 997 1456 angulo,
1018 1378 1076 1455 qui

95 1455 192 1516 sinum
206 1454 423 1514 circumcolunt
436 1455 536 1526 maris,
547 1473 641 1532 usque
655 1453 692 1512 ud
707 1453 801 1533 Alpes
815 1457 945 1514 tenuere.
984 1455 1075 1534 Alpi·

94 1533 142 1594 nis
156 1553 273 1612 quoque
294 1551 329 1592 ea
349 1531 484 1614 gentibus
505 1531 583 1592 haud
597 1531 684 1591 dubie
694 1531 774 1611 origo
788 1536 845 1603 est,
866 1531 989 1592 maxime
1002 1531 1077 1592 Βω-

94 1611 153 1684 tis3
173 1631 246 1692 quos
265 1611 331 1671 loca
343 1610 407 1690 ipsa
418 1609 593 1680 effecturum,
613 1609 736 1690 nequid
756 1629 794 1672 ex
812 1610 943 1689 antiquo,
961 1615 1077 1692 practer

95 1706 197 1750 sonum
222 1689 344 1768 linguae,
357 1706 413 1746 nec
428 1707 494 1746 eum
516 1688 728 1769 incorruptum,
751 1687 923 1748 retinerent

134 1765 274 1832 XXXIV.
294 1767 341 1828 De
361 1765 533 1826 transituin
556 1765 674 1832 ltaliam
698 1765 851 1828 Gallorum
869 1765 937 1826 baec
958 1769 1076 1850 accepi·

95 1865 172 1908 mus.
221 1843 323 1905 Prisco
347 1843 513 1922 'l'urquinio
527 1844 631 1904 Romae
656 1849 810 1926 regnante,
825 1843 988 1910 Celtarum.
1005 1864 1077 1925 quse

94 1944 163 2016 pars
178 1923 286 1984 Galliae
298 1921 387 1996 tertio
401 1928 460 1992 est,
475 1942 566 2004 penes
578 1919 726 2005 Bituriges
741 1941 855 1982 summa
867 1922 982 2005 imperii
996 1924 1077 1996 luit3

94 2003 116 2062 ri
127 2023 225 2082 regem
239 2001 355 2063 Celtico
365 1999 483 2058 dabant.
524 2001 696 2080 Ambigatus
708 2004 732 2060 is
747 2001 929 2070 fuitvirtute
938 2003 1075 2063 fortunu-

54 2096 55 2104 ’
94 2101 152 2158 que
167 2088 256 2158 quum
270 2083 334 2147 suri,
346 2083 410 2137 lum
429 2078 557 2158 publicat,
570 2077 853 2158 pr·nepolleus‚'qudd
868 2081 992 2162 imperio
1008 2083 1072 2160 ejus

96 2157 196 2218 Gallia
207 2157 282 2224 adeo
304 2157 420 2235 frugum
441 2155 649 2237 bominumque
669 2155 777 2222 fertilis
789 2157 856 2228 fuit,
868 2167 903 2219 ut
920 2160 1073 2221 abundans

95 2234 254 2296 multitudo
267 2235 317 2296 vix
337 2233 400 2314 regi
413 2233 565 2296 videretur
577 2255 673 2316 posse.
725 2237 782 2296 llic
802 2256 909 2314 magno
923 2244 992 2298 natu
1008 2238 1074 2318 ipse

90 2319 163 2392 jam,
176 2333 334 2374 exonerare
350 2319 555 2394 praegr-avunte
569 2315 654 2375 turbis
666 2334 787 2396 regnum
797 2319 929 2396 cupiens,
937 2317 1076 2376 Bellove-

96 2413 160 2452 sum
173 2411 208 2451 ac
223 2391 405 2472 Sigovusum,
425 2392 532 2450 sororis
553 2391 640 2464 filios,
662 2393 802 2472 impigros
811 2395 949 2472 juvenes,
970 2394 1075 2454 missu·

95 2489 159 2530 rum
174 2489 205 2529 se
220 2467 340 2558 esseio
354 2487 428 2601 rpuus
442 2470 492 2527 Dii
506 2467 661 2531 dedissent
673 2471 803 2550 auguriis
816 2471 913 2542 sedes,
934 2471 1078 2532 ostendit.

52 2630 53 2634 Ἰ
95 2549 242 2621 Quantum
256 2564 361 2677 rpsrdve
375 2545 438 2630 lent
451 2563 605 2605 numerum
624 2543 781 2635 hominum,
800 2549 992 2636 excirent4ne
1014 2567 1076 2683 (pua

94 2622 1073 2785 sustituit?tzittttinittitttttttiltm

95 2800 143 2839 am
156 2779 234 2838 'viam
248 2776 297 2838 Dii
310 2775 436 2836 dabunt·
486 2776 526 2846 ls,
540 2778 620 2857 quod
634 2779 697 2838 e'us
712 2799 748 2838 ex
761 2777 876 2859 populis
897 2780 1075 2853 abundabat,

1043 2645 1162 2685 8⁸*

95 2857 254 2943 Bituriges,
267 2859 427 2926 Arvernos,
440 2855 581 2926 Senones,
595 2799 721 2926 AEduos,
733 2859 902 2934 Ambarros,
916 2859 1073 2930 Carnutes,
1161 2891 1162 2932 ι

95 2939 251 3005 Aulercos
264 2933 381 2994 excivit.
432 2932 585 2995 Profectus
598 2933 765 3016 ingentibus
779 2935 912 3027 peditum
927 2938 1072 3013 equitum«

67 3103 70 3110 γ
96 3034 153 3094 que
168 3011 312 3102 copiis‚·in
325 3010 511 3104 Tricastinos
535 3011 625 3105 venit„
672 3013 765 3092 Alpes
779 3013 849 3105 inde
863 3017 1007 3109 oppositae
1022 3037 1072 3076 er·

69 3141 72 3148 .
96 3096 149 3152 aut
157 3112 166 3163 3
187 3107 260 3180 quus
273 3091 523 3178 inexsuperabiles
536 3111 615 3150 ursas
628 3089 706 3151 baud
720 3092 857 3171 equidem
871 3115 970 3165 miror,
987 3093 1072 3154 nulla

96 3169 165 3228 dum
182 3171 229 3226 vui
243 3165 335 3255 (quod
351 3167 470 3299 guidem
481 3169 637 3228 continens
650 3171 790 3232 memoria
810 3170 861 3242 siu,
876 3173 932 3234 nisi
948 3173 985 3232 de
999 3173 1075 3231 ller-

96 3247 163 3307 cule
186 3243 291 3304 sabulis
305 3260 353 3301 cre
377 3262 427 3302 erc
448 3243 530 3320 libet)
552 3251 714 3323 superatas.
755 3249 797 3308 lbi
811 3269 902 3328 quum
915 3250 994 3308 velut
1008 3269 1075 3328 sep·
1161 3297 1162 3312 ,

96 3331 142 3384 tos
157 3320 300 3381 montium
320 3319 447 3379 altitudo
459 3327 575 3383 teneret
590 3321 702 3394 Gallos,
723 3325 1075 3408 circumspectarentque¹

95 3403 226 3478 quanam
240 3419 293 3478 per
302 3399 408 3476 juncta
419 3397 497 3458 coelo
505 3397 621 3490 J‘ugain
632 3400 722 3461 alium
732 3406 829 3464 orbern
841 3413 983 3466 terrorum
996 3409 1077 3464 trun-

96 3477 202 3544 sirent,
219 3475 321 3553 religio
333 3475 421 3536 etiam
436 3482 543 3550 tenuit,
553 3477 632 3558 qubd
648 3480 768 3540 allatum
784 3488 839 3552 est,
852 3482 982 3542 advenas
994 3501 1078 3560 quae-
1161 3539 1162 3542 ,

93 3557 199 3613 rentes
211 3569 310 3630 ugrum
325 3555 361 3612 ab
375 3549 495 3632 Salyum
509 3563 597 3636 gente
616 3558 786 3638 oppugnari.
827 3559 1034 3620 Massilienses
1048 3580 1079 3620 e·

97 3635 166 3712 mut
178 3627 217 3700 lii,
229 3629 351 3699 navibus
366 3627 521 3698 dPlrocaea
533 3633 666 3716 profecti.
718 3636 756 3700 Id
770 3637 852 3706 Galli
865 3637 997 3700 fortunae
1015 3655 1077 3704 susc
