2394 4138
108 216 160 282 aa
515 209 556 278 u.
576 215 690 278 mum
757 247 760 252 ι
852 244 856 246 -
903 185 905 190 ’

9 377 17 426 l
120 373 273 438 indumen
290 371 350 438 aeli
366 370 446 438 sunt.
484 372 673 456 Tarquinius,
686 373 854 437 instandum
867 375 1034 457 perterritis
1043 399 1096 447 ra,

119 459 179 526 tus,
192 455 294 537 praedi
307 453 489 535 captivisque
503 453 626 512 Romam
638 453 748 515 missis.
768 455 868 534 spoliis
890 456 1011 516 hostium
1028 461 1094 537 (uo-

119 539 183 596 tum
203 535 232 594 id
251 531 384 592 Vulcano
397 531 473 609 erat)
494 531 608 612 ingenti
629 533 746 592 cumulo
759 533 903 603 accensis,
917 535 1012 616 pergit
1025 556 1094 616 por·

118 609 195 674 stin
219 630 320 691 agrum
340 611 479 688 Sabinum
502 610 662 671 exercitum
683 611 841 686 inducere3
863 620 901 682 et,
922 631 1094 694 quanquam

9 687 16 748 ,⁵
117 687 193 750 male*
212 698 356 770 gestares
376 697 450 750 erat.
465 709 520 750 nec
540 696 673 772 gesturos
694 689 800 750 metius
814 711 932 772 sperare
946 697 1094 770 poterant,

115 771 225 839 nmen,
237 769 307 848 quia
320 765 493 828 consulendi
506 787 555 828 res
567 787 625 842 non
645 767 733 828 dabat
746 769 881 850 spatium,
891 769 953 832 iere
975 771 1092 829 obuiam

115 845 215 906 sanim
228 846 419 906 tumultuario
432 846 544 916 militet
563 844 727 926 iterumque
740 845 781 907 ibi
793 847 864 920 fusi,
884 846 1009 928 perditis
1026 851 1092 928 janu

114 941 206 1009 puppe
220 927 317 995 rebus,
330 943 431 1004 pacem
446 924 565 1016 petiere.
778 941 782 950 ·
968 991 969 994 ¹

26 1016 27 1020 ’
155 1003 327 1062 XXXVlll.
347 1003 484 1071 Collatia,
496 1009 527 1063 et
536 1001 677 1094 quiequid
689 1003 766 1063 circa
776 1003 933 1064 Collatiam
945 1001 1006 1082 agri
1014 1010 1091 1084 erat,

115 1080 231 1140 Sabinis
254 1081 433 1160 ademptum.
473 1082 595 1172 Egeraus
614 1081 729 1158 (fratris
753 1082 799 1142 hic
821 1081 976 1144 filiuserat
998 1081 1090 1164 regis)

116 1157 252 1218 Collatiae
268 1159 298 1218 in
312 1159 452 1236 prasidio
466 1163 602 1228 retostus,
622 1159 796 1238 deditosque
809 1159 974 1219 Collatinos
988 1159 1030 1219 ita
1042 1180 1091 1220 ac·

114 1236 200 1314 cipio,
212 1255 336 1314 eamque
349 1235 508 1295 deditionis
522 1235 673 1296 formulam
688 1257 763 1296 esse.
802 1237 867 1295 Rex
888 1237 1090 1316 interrogavit.

111 1313 258 1374 '‘listisue
272 1331 324 1372 vos
344 1313 434 1394 legati
454 1319 653 1394 oratoresque,
665 1313 747 1374 missi
769 1313 786 1370 :i
807 1315 914 1392 populo
927 1313 1090 1388 Collatino,

113 1398 148 1450 ut
160 1403 217 1452 vos'
226 1390 423 1472 populumque
446 1389 625 1453 Collatinum
646 1391 816 1453 dederatis?
837 1392 958 1452 Sumus,
993 1392 1089 1473 Estne

111 1469 238 1556 populus
252 1468 470 1528 Collatinusin
491 1489 544 1530 sua
565 1471 730 1549 potestate?
751 1471 813 1532 nst.
855 1469 1011 1530 Deditisue
1025 1491 1088 1542 vus,

109 1553 311 1684 populumque
334 1548 523 1618 Collatinum,
545 1551 655 1619 urbem,
675 1566 769 1628 agros,
795 1567 911 1626 aquam,
937 1550 1088 1622 terminos,

134 1629 244 1693 etubra,
257 1625 406 1693 utensilia,
420 1625 520 1684 diuina
533 1626 715 1708 hunuanaque
729 1627 876 1696 moniale
887 1645 986 1700 meam*
997 1648 1087 1707 popu·

109 1701 192 1781 lique
208 1703 331 1762 Romani
344 1702 509 1764 ditionem?
530 1703 681 1766 Dedimus.
721 1708 763 1764 At
774 1727 828 1786 ego
840 1705 977 1784 recipio.’'
1023 1706 1087 1764 tiel-

20 1815 24 1825 =
111 1779 141 1840 lo
156 1781 262 1842 Sabino
283 1781 425 1862 perlecto,
446 1781 625 1862 Tarquinius
639 1784 821 1862 triumphans
843 1783 964 1842 Romam
979 1783 1086 1854 rediit3

110 1859 181 1920 inde
194 1859 299 1941 priscis
315 1859 430 1922 Latinis
440 1861 548 1922 bellum
559 1861 631 1922 fecit
643 1885 650 1934 3
670 1863 718 1922 uiui
730 1882 871 1942 nusquam
886 1863 921 1920 ad
937 1861 1085 1936 universae

111 1941 154 2000 rei
168 1939 386 1999 dimicationem
399 1947 519 2000 ventum
534 1943 639 2008 estad
662 1942 776 2018 singula
797 1939 904 2029 oppida
917 1940 1087 1998 circumter-

112 2018 189 2076 endo
210 2035 301 2086 arma,
325 2037 412 2076 omne
436 2037 540 2076 nonuen
564 2019 702 2076 latinum
724 2017 845 2074 domuit.
884 2013 1085 2090 Corniculum,

110 2089 231 2152 Ficulea
246 2100 340 2164 votae,
362 2093 506 2161 Cameria,
524 2093 767 2162 Crustumerium,
789 2091 946 2162 Ameriola,
966 2091 1086 2154 Medul·

110 2171 161 2232 tia,
175 2171 366 2242 Nomentum,
378 2169 444 2230 haec
463 2171 501 2233 de
514 2171 619 2250 priscis
642 2171 768 2240 Latinis,
781 2179 832 2230 aut
844 2171 894 2249 qui
908 2173 945 2231 ad
961 2171 1087 2234 Latinos

111 2248 292 2321 deiecerant,
305 2257 393 2330 capta
412 2250 534 2330 oppida
567 2250 629 2311 Pax
643 2248 751 2311 deinde
774 2255 821 2310 est
841 2249 947 2308 lactas
967 2249 1083 2330 MaJoue

110 2328 180 2410 inde
205 2330 302 2388 auimo
313 2329 396 2410 pacis
410 2349 498 2410 opera
510 2327 655 2402 inchoata,
669 2327 757 2412 unm
771 2331 883 2408 quanti
898 2327 972 2388 mole
987 2349 1084 2406 gesse·

110 2415 157 2466 rat
169 2409 267 2478 bella;
287 2418 390 2468 utnon
411 2405 537 2487 quietior
560 2412 684 2490 populus
705 2407 784 2466 (lomi
797 2413 876 2467 esset
907 2405 996 2486 quim
1011 2407 1085 2466 mili-

109 2485 162 2546 aiae
178 2485 290 2546 suisset.
329 2487 408 2543 Nam
428 2493 457 2544 et
473 2505 553 2544 usuro
575 2487 700 2562 lapideo,
722 2486 804 2560 cujus
818 2483 968 2542 exordium
987 2485 1082 2560 operis
1134 2545 1137 2550 ,

111 2563 218 2624 Sabinu
230 2561 307 2622 bello
321 2563 469 2622 turbatum
492 2569 564 2628 erat,
583 2565 694 2630 urbem,
707 2566 766 2638 qui
781 2559 910 2618 nondum
930 2559 1083 2632 munierat,
1183 2623 1186 2632 ,

110 2643 228 2720 cingere
240 2643 342 2718 parat3
363 2645 393 2696 et
405 2638 507 2698 infima
519 2639 598 2697 urbis
611 2640 676 2697 loca
690 2636 878 2714 circatorum
894 2635 1028 2714 aliasque
1042 2635 1085 2696 in·-
1185 2707 1186 2710 Ἴ

110 2719 248 2797 terjectas
263 2713 384 2776 collibus
398 2717 556 2784 convalles,
569 2717 637 2794 quia
650 2723 687 2775 'en
700 2713 797 2794 planis
810 2713 882 2774 locis
904 2714 980 2774 haud
995 2715 1082 2774 facil&
1098 2765 1099 2768 ,

107 2796 273 2858 -evehenant
284 2813 388 2874 aquaso,
402 2794 509 2854 cloacis
524 2793 539 2849 ὲ
553 2793 670 2872 fastigio
681 2794 710 2852 iu
725 2791 856 2852 Tiberim
864 2791 961 2865 ductis
973 2793 1085 2868 siccat3·

112 2881 254 2936 eternam
267 2873 305 2933 ad
329 2873 423 2932 sedem
442 2873 474 2932 in
492 2871 639 2952 Capitolio
661 2871 752 2940 lovis,
766 2888 853 2950 quam
868 2879 994 2932 uouerat
1004 2867 1083 2946 ¹be‘llq

111 2953 231 3033 Salpina,
239 2954 302 3032 jam
314 2951 510 3034 praesagiente
523 2951 622 3010 auimo
633 2951 762 3011 futuram
775 2947 845 3009 olim
859 2951 1082 3030 amplitudinem

49 3100 80 3108 -.
111 3029 539 3107 loci,occupatt’uudameutia¹
570 3071 573 3077 ι
676 3057 680 3065 ·

9 3183 10 3186 ¹
72 3097 140 3148 7⁸*
150 3109 291 3169 XXXIX.
310 3109 355 3169 Eo
369 3115 498 3188 tempore
511 3109 542 3168 in
556 3109 635 3191 regia
652 3107 817 3246 Pf⁰dlgluffl
837 3105 901 3182 uisu
916 3107 1095 3184 euentuque

111 3187 244 3248 mirabile
265 3186 329 3254 fuit.
367 3187 463 3244 Puero
486 3187 652 3256 dormienti,
675 3189 722 3247 cui
759 3185 838 3248 ervio
861 3185 962 3245 Tullio
975 3203 1080 3252 nomen

111 3263 180 3338 fuit,
194 3285 227 3326 ca
247 3270 282 3323 ut
293 3264 400 3324 arsisse
417 3261 517 3322 ferunt
529 3265 687 3327 multomm
701 3266 915 3342 in'conspectu.
952 3260 1081 3349 Plun'rm

109 3343 202 3426 igitur
214 3287 340 3406 elamore
353 3340 422 3418 inde
435 3341 822 3408 adtantaereimiraeutnm
837 3345 901 3398 orto
914 3343 1025 3400 exertus
1040 3351 1082 3398 rea
1132 3395 1134 3397 ,

110 3441 183 3510 ges3
203 3430 232 3486 et
246 3441 334 3502 quum
349 3419 467 3500 quidam
481 3417 665 3482 familiarium
675 3438 780 3497 aquam
791 3417 826 3476 ad
840 3414 1079 3497 restinguendum

110 3497 210 3570 ler'ret,
224 3503 259 3561 ab
270 3499 370 3572 sepina
381 3503 549 3570 retentum't
569 3497 729 3576 sedatoque
743 3515 811 3555 eam.
820 3493 958 3564 tumultu,
971 3497 1081 3557 morteri

56 3608 61 3618 ·
110 3581 239 3642 vetuisse
263 3596 406 3656 puer-um
425 3575 520 3634 daunec
548 3579 601 3636 suzl
622 3582 727 3666 sponte
748 3577 936 3654 experrectus
957 3581 1082 3655 esset-3-

102 3651 185 3722 mox
199 3678 266 3722 cum
279 3675 380 3720 sonuuo
393 3657 425 3716 et
437 3653 583 3716 flammam
595 3653 710 3726 abiisse.
730 3697 736 3718 κ,
752 3651 832 3712 Tum
845 3651 973 3718 abducto
990 3653 1022 3717 in
1041 3673 1081 3714 sou
