2394 4138
326 118 340 159 f
463 133 486 169 a„
536 122 719 169 ‘iussum
776 109 824 170 s:
1017 133 1028 152 ·¹

531 223 724 290 amdan.
1071 228 1113 287 id

22 356 30 436 l
141 401 176 450 tx
187 405 248 448 una
266 383 417 448 civivitate
435 383 584 448 discordia
605 385 733 460 fecerat)
751 381 839 468 longd
857 385 947 446 aliter
958 383 1063 446 Patres
1075 399 1112 443 ac

159 467 254 528 labem
266 465 403 526 affecere*
437 464 594 525 Exsultare
601 465 708 546 gaudio
721 465 839 546 plebes3
862 471 883 501 ‘⁸
891 464 1003 526 ultores
1013 481 1113 544 super-

136 486 196 610 biae
220 545 342 606 Petrum
362 544 488 606 adesse”
508 543 609 605 dicere
631 544 738 605 “Deos
751 550 776 602 :”
797 544 872 606 alius
894 543 985 606 alium
1007 541 1114 602 confir·

135 643 229 695 mare,
241 645 280 686 ne
293 623 413 684 nomina
425 621 550 684 darenta
564 640 637 682 curn
650 622 782 684 omnibus
796 622 903 706 potios,
915 619 1005 704 quim
1019 622 1111 692 solos,

132 704 294 785 perituros.
353 696 459 763 Patres
482 701 655 772 militarent,
680 701 784 762 Patres
807 722 888 764 arura
906 707 1056 783 caperent,
1078 705 1114 784 ut

134 785 230 864 penes
243 781 363 844 eosdem
381 780 513 862 pericula
525 779 606 850 belli,
618 799 713 872 peaes
727 799 800 874 quos
818 783 951 862 praemia,
963 785 1113 842 essent-

137 861 491 952 Atverdkcppiaffloesta
503 879 537 920 ac
550 859 666 940 trepida
681 861 804 940 {ancipiti
818 869 897 921 metu
911 867 943 920 ct
955 861 990 920 ab
1000 858 1065 920 cive
1080 863 1114 920 et

135 942 175 1000 ab
186 939 281 1010 hoste,
295 935 452 1002 Servilium
471 938 632 1010 consulem,
642 939 690 998 cui
703 937 854 1020 ingenium
867 939 959 1020 magis
972 937 1116 1019 populare

60 1039 64 1045 ’
136 1023 214 1088 erat,
237 1037 332 1087 orare,
352 1014 395 1078 nt'
409 1018 501 1077 tantis
525 1017 757 1079 circumventam
772 1019 937 1088 ¹terroribus
960 1015 1114 1096 expediret

137 1095 207 1157 rem
243 1097 359 1156 blicam.
409 1095 489 1162 Turn
510 1097 623 1168 consul,
646 1095 738 1156 misso·
755 1105 868 1168 senatu,
889 1097 920 1158 in
941 1095 1114 1156 concionem
1173 1163 1174 1168 η

135 1116 253 1255 prodii,
280 1175 340 1246 lbi,
352 1177 372 1214 “
381 1193 462 1234 curae
471 1195 537 1236 esse
549 1175 710 1244 Patribus,”
721 1175 862 1249 ostendit,
871 1183 891 1214 ⁴‘
899 1182 932 1238 ut
942 1174 1115 1236 consulatur

135 1253 236 1333 plebi,
256 1253 390 1313 ceturdm
403 1250 606 1314 deliberationi
615 1253 652 1314 de
662 1253 789 1324 maxima
799 1255 920 1336 quidem
929 1254 994 1326 illa,
1006 1253 1057 1314 sed
1069 1259 1114 1312 ta-

134 1346 202 1410 men
217 1337 302 1410 parte
315 1331 453 1405 civitatis,
473 1336 584 1393 metum
598 1350 651 1413 pro
663 1333 802 1398 universa
823 1335 973 1414 republica
984 1333 1115 1394 interve·

133 1411 234 1490 nissea
253 1429 308 1472 nec
321 1429 419 1492 posse,
430 1429 521 1490 quum
531 1411 632 1472 hostes
645 1413 737 1504 prope
750 1412 901 1494 adportas
915 1410 1115 1481 esseut-bello

127 1487 324 1626 ppaevcrtisse
348 1489 505 1569 quicquam
518 1505 529 1546 τ’
557 1491 716 1560 immersit
736 1491 896 1552 laxamenti
917 1488 1041 1578 aliquid,
1061 1493 1113 1548 aut
1173 1531 1174 1534 η

134 1585 155 1648 p
167 1561 214 1628 dbi
234 1567 391 1646 honesturn-
402 1587 478 1638 csse,
499 1566 556 1627 nisi
569 1569 708 1630 mercede
720 1569 804 1648 prids
818 1573 952 1650 accepta,
966 1587 1047 1629 arma
1061 1585 1114 1648 pro

133 1647 231 1728 patria
244 1665 303 1706 non
317 1645 450 1727 cepisse3
470 1665 567 1726 neque
589 1648 724 1708 Patribus
739 1647 812 1709 satis
824 1649 974 1720 decorum,
986 1667 1041 1728 per
1053 1667 1116 1706 mc-

133 1731 197 1786 tum
257 1725 327 1794 tius,
340 1723 430 1805 qudm
444 1724 600 1804 postmodo
619 1727 781 1797 voluntate,
794 1720 911 1787 afflictis
925 1727 1032 1787 civium
1047 1745 1113 1803 suo-

133 1823 200 1864 rum
226 1804 343 1864 ortunis
357 1803 569 1864 consuluissa.”
608 1803 754 1864 Concioni
765 1805 874 1865 deinde
888 1805 987 1866 edicto
998 1803 1114 1864 addidit

22 1951 24 1960 ¹
132 1883 234 1953 tidem,
246 1901 306 1962 quo
319 1881 421 1954 edixit,
441 1891 459 1918 ‘⁶
470 1881 520 1942 N'e
533 1880 600 1961 quis
621 1882 716 1942 civem
731 1877 899 1944 &manuni
905 1881 1047 1944 ¹'vinctum
1062 1881 1114 1944 aiut

23 1993 24 1998 ¹
134 1959 268 2027 tlausurn
281 1965 409 2031 teneret,
421 1961 482 2044 qud
496 1960 597 2020 minos
610 1960 638 2022 ei
653 1961 781 2022 nominis
794 1961 902 2022 edendi
916 1961 994 2042 apud
1009 1981 1115 2022 consu-

134 2041 180 2102 les
193 2046 325 2122 potestas
337 2040 430 2120 tieret.
482 2041 531 2101 Ne
545 2039 612 2120 quis
626 2039 740 2109 militie,
752 2041 846 2100 donec
857 2036 891 2101 in
905 2040 1010 2101 castris
1024 2045 1114 2114 esset,

132 2121 212 2186 bona
221 2119 397 2200 possideret,
407 2126 458 2180 aut
469 2119 611 2180 venderet
622 2138 631 2177 a
645 2118 760 2202 ,lilim
773 2125 934 2200 nepotesve
945 2119 1008 2200 ejus
1019 2139 1114 2179 mora-

22 2205 23 2208 ’
134 2197 246 2266 retur}⁹
286 2197 351 2258 Hoc
364 2198 513 2278 proposito
526 2198 637 2268 edicto,
653 2191 759 2278 e't.·qui
773 2197 1114 2278 aderantnexiprofite·
1173 2205 1174 2208 ’

22 2289 23 2350 j
136 2265 171 2336 ii*
177 2276 325 2368 extemplo
338 2275 474 2347 nomina;
495 2281 526 2336 et
536 2277 669 2368 undique
682 2297 720 2338 ex
732 2283 798 2336 tota·
813 2279 885 2337 urbe
899 2277 1111 2358 proripentiurn

22 2357 23 2380 ³
136 2372 172 2414 se
190 2375 227 2414 cx
240 2360 364 2435 privato,
384 2373 473 2433 quum
487 2353 634 2421 retinendi
643 2359 693 2436 jos
707 2356 847 2418 creditori
868 2375 928 2416 non
942 2360 1031 2426 esset,
1044 2375 1114 2416 con·

136 2452 243 2493 cursus
255 2432 287 2492 in
303 2430 414 2516 floron,
428 2440 461 2492 ut
474 2440 658 2496 sacramento
671 2435 816 2505 dicerent,
828 2433 901 2494 fieri.
952 2431 1064 2514 ltlagna
1076 2453 1113 2498 ca

134 2524 241 2572 manus
255 2509 331 2582 fuit;
352 2531 447 2603 neque
461 2513 583 2572 aliorum
600 2513 690 2592 magis
704 2513 734 2574 in
748 2513 858 2573 Volsco
870 2511 950 2574 bello
962 2511 1056 2572 virtus
1069 2519 1113 2572 at·

22 2655 23 2664 p
134 2609 194 2670 que
207 2609 295 2670 opera
314 2590 428 2652 enituit
482 2591 593 2652 Consul
613 2590 713 2666 copias
736 2599 840 2654 contra
857 2592 972 2653 hostem
993 2591 1113 2653 educit:

133 2687 226 2751 parvo
237 2667 394 2738 dirimente
407 2668 564 2731 intervallo
572 2679 677 2732 ,castra
687 2673 778 2750 ponit.
831 2707 832 2710 =

175 2747 270 2808 XXV:
291 2747 430 2812 Plurimi
443 2748 513 2810 inde
527 2753 615 2810 nocte
628 2750 742 2819 Volsci,
755 2749 1046 2810 discordidltomane
1055 2747 1113 2808 fre·

134 2825 169 2898 ti,
179 2826 204 2886 si
217 2837 286 2906 quat
297 2833 442 2888 nocturna
459 2824 601 2887 ¹transitio
621 2825 785 2906 proditiove
800 2827 864 2886 fieri
879 2829 981 2908 possit,
993 2832 1112 2886 tentant

133 2899 242 2966 castra.
287 2905 413 2966 Sensere
431 2897 561 2986 vigilesz
582 2906 729 2970 excitatus
751 2905 907 2976 exercitus,
927 2905 1010 2986 signo
1023 2905 1112 2965 dato:

135 3001 312 3046 concursum
327 2991 374 3045 est
387 2981 426 3044 ad
439 3001 528 3044 arma.
577 2981 635 3042 lta
649 2981 759 3042 frustra
777 2983 806 3042 iu
821 2982 970 3066 inceptum
993 2983 1111 3046 Volscis

134 3059 206 3122 fuit:
226 3064 374 3143 reliquum
388 3061 485 3121 noctis
506 3060 757 3138 utrinque‘iquieti
774 3059 885 3122 datum.
923 3063 1048 3126 Postero
1062 3064 1111 3124 die

134 3138 231 3223 prima
245 3141 312 3201 luce
331 3138 444 3205 Volsci,
463 3139 551 3198 ‘sessis
565 3139 697 3219 repletis,
716 3141 826 3200 vallum
839 3141 993 3203 invadunt.
1032 3143 1113 3203 Jam-

136 3239 193 3300 que
206 3223 243 3282 ab
256 3218 335 3280 omni
356 3223 441 3299 parte
465 3217 645 3278 munimenta
669 3219 862 3294 vellebantur,
885 3241 974 3302 quum
997 3221 1112 3292 consul,

135 3316 304 3438 puanquam
318 3296 419 3382 cuncti
437 3297 576 3389 undique,
594 3303 626 3358 et
639 3299 705 3359 nexi
725 3305 794 3359 ante
814 3319 926 3374 ornnes,
939 3307 973 3360 ut
994 3301 1111 3380 signum
1173 3357 1174 3360 ,

158 3385 231 3451 aret,
245 3378 422 3447 clamabant,
432 3376 603 3456 experiendi
621 3377 736 3438 ‘annuos
748 3378 875 3456 militum
890 3383 980 3442 causta
994 3397 1119 3460 parum«

135 3463 340 3536 permanetis,
361 3462 515 3538 postquam
535 3455 608 3516 satis
629 3459 787 3538 apparebat
806 3458 911 3536 ingens
933 3457 1027 3527 ardor,
1040 3457 1111 3518 dato

136 3535 258 3604 tandem
278 3537 315 3596 ad
329 3537 548 3616 erumpendum
557 3533 649 3615 signo,
662 3535 784 3594 militem
799 3537 918 3596 avidum
938 3535 1109 3595 certaminis

137 3611 257 3684 emittit.
306 3613 406 3677 Primo
426 3614 524 3675 statim
546 3612 665 3672 incursu
685 3615 762 3696 pulsi
783 3613 901 3674 hostes:
922 3612 1110 3692 fngientibus,

137 3689 235 3768 quoad
249 3689 363 3772 insequi
386 3693 478 3782 pedes
499 3691 605 3796 patuit,
627 3696 710 3774 terga
731 3709 828 3752 caecat
849 3707 943 3768 eques
965 3704 1056 3761 usque
1070 3683 1108 3739 ad

810 4022 813 4026 .
906 3989 929 4030 ‘l
1019 4026 1022 4034 s
