2372 4116
506 198 633 264 nusae
649 199 688 260 v.
707 235 711 277 2
835 165 837 168 ’
1030 207 1088 264 aar

115 345 390 438 antesignatosque
412 355 521 436 passim
543 355 672 417 advenas
695 356 725 416 in
748 357 905 438 hospitium
929 355 1088 418 duetosfe-

117 439 206 504 ruut;
226 442 258 494 et
271 454 334 494 cum
359 433 485 494 inimicis
506 451 623 512 quoque
644 435 768 516 benigne
788 456 822 495 ac
843 436 967 496 comiter
980 453 1087 494 sermo·

115 531 171 572 nes
192 512 311 582 habitos,
319 511 424 593 jurgiis
438 531 473 575 ac
494 511 595 570 litibus
616 518 828 592 temperatum3
849 514 956 572 vinctis
969 529 1086 591 quoque

115 590 237 670 dempta
249 592 278 650 io
294 605 344 652 etis
357 591 421 650 dies
434 589 571 650 vincula:
591 589 723 670 religioni
733 592 841 652 deiude
854 591 942 650 foisse
954 611 963 661 ;
982 589 1086 668 quibus

113 687 180 726 eam
193 687 279 747 opem
300 670 348 729 Dii
370 667 518 736 tulissent,
537 667 652 729 vinciri.
694 670 815 730 Interim
830 668 868 726 ad
890 669 1086 746 Vejosterror

80 777 85 782 =
113 745 271 826 multiplex
291 742 364 816 fuit3
384 746 477 804 tribus
490 745 521 804 in
535 764 624 806 unum
642 745 729 806 bellis
748 746 882 816 collatis;
902 765 1027 822 natuque
1041 766 1089 805 eo-

113 822 262 902 demque
276 830 371 894 antea,
392 824 478 884 modo
496 823 575 883 circa
595 824 784 892 munimenta,
797 843 888 902 quum
898 824 1017 900 repente
1032 825 1089 882 Ca·

114 905 239 981 penates
252 902 418 980 Faliscique
428 899 560 975 subsidio
574 902 736 971 venissent,
748 903 889 964 adversus
903 905 964 958 tres
978 901 1088 960 exerci-

113 986 171 1038 tus*
191 979 313 1058 ancipiti
336 983 442 1057 proelio
463 984 623 1058 pugnatum
657 985 711 1040 est
751 984 831 1039 Ante
853 979 950 1036 omnia
976 976 1089 1056 adjuvit

114 1057 256 1115 memoria
276 1057 472 1116 damnationis
494 1055 587 1136 Sergii
607 1075 641 1114 ae
659 1057 799 1137 Virginii;
819 1057 919 1134 itaque
932 1053 1088 1133 majoribus

79 1149 82 1162 ¹
115 1135 325 1203 castr-tamnus
349 1139 437 1194 antea
461 1140 606 1196 cessatum
628 1133 734 1206 suerat,
755 1138 833 1194 brevi
857 1133 953 1213 spatio
967 1133 1090 1193 circum·
1174 1133 1179 1156 ⁴

115 1209 216 1270 ductae
243 1212 335 1291 copiae
352 1213 540 1292 Capenates.
553 1213 583 1270 in
605 1211 715 1272 vallum
740 1215 904 1272 Romanum
925 1231 1037 1281 versoa-
1055 1211 1094 1270 ab

112 1295 198 1369 tergo
221 1290 438 1370 aggrediuntur.
479 1291 553 1350 lude
574 1289 672 1368 pugna
695 1298 794 1370 coepta
807 1297 838 1350 et
852 1289 973 1350 Faliscis
988 1288 1090 1349 intulit

116 1371 271 1441 terrorem,
281 1368 522 1446 trepidantesque
536 1367 650 1444 eruptio
664 1387 700 1426 ex
721 1369 828 1426 castris·
836 1367 998 1444 opportune
1012 1368 1091 1426 fucta

114 1446 241 1513 avertit3
260 1447 394 1522 repulsos
407 1443 516 1502 deiude
529 1443 657 1502 insecuti
670 1444 796 1504 victores
817 1443 966 1522 ingentem
990 1444 1090 1503 edide-

114 1529 186 1580 runt
199 1523 323 1580 caedem.
363 1522 429 1580 Nec
443 1521 486 1580 ita
498 1521 592 1582 multo
605 1519 674 1598 pust
682 1521 905 1600 jam‘palanteS,
921 1520 1012 1578 veluti
1035 1521 1103 1596 for-¹

116 1598 149 1656 te
173 1599 271 1668 oblati,
292 1601 478 1679 populatores
503 1597 662 1676 Capenatis
686 1599 746 1679 agri
761 1598 899 1676 reliquias
923 1617 959 1675 pu
1003 1617 1028 1655 ae
1042 1599 1090 1656 ab·

113 1695 286 1756 sumpsere:
308 1683 340 1736 et
359 1677 528 1756 Vejentium
548 1675 728 1754 refugientes
741 1677 771 1736 in
795 1679 898 1734 urbem
920 1693 967 1732 mu
984 1676 1006 1734 ti
1019 1679 1091 1734 ante

114 1760 215 1833 portas
229 1753 310 1822 caesi,
333 1753 403 1812 dum
419 1773 487 1832 praev
504 1759 594 1822 ruetu,
615 1773 653 1812 ne
674 1755 760 1814 simul
774 1753 925 1812 Romanus
948 1753 1089 1830 irrumpe·

113 1837 169 1900 ret,
182 1831 305 1965 oppectis
319 1831 428 1891 foribus
442 1837 589 1891 extremos
602 1849 721 1893 suorum
732 1830 894 1892 exclusere.

153 1910 197 1968 Xl
227 1908 333 1968 .1Haec
353 1927 388 1968 ea
408 1925 490 1970 anno
508 1913 585 1968 aeta.
627 1909 666 1969 ot
680 1909 743 1988 jam
767 1908 886 1968 comitia
905 1906 1088 1967 tribunorum

113 1985 240 2046 militum
254 1986 386 2057 aderaut,
402 2006 525 2066 quorum
538 1987 629 2068 prope
644 1989 736 2068 major
749 1985 893 2055 Patribus,
905 1985 995 2064 quim
1008 1983 1089 2056 belli,
1178 2029 1179 2034 ,

115 2083 187 2123 cura
205 2069 286 2137 erat3
314 2065 423 2145 quippe
446 2083 506 2125 nora
530 2065 776 2126 communicatum
797 2063 885 2124 ruodo
908 2083 975 2122 curu
996 2061 1091 2141 plebe,

116 2141 169 2201 sed
183 2141 274 2220 propt
294 2142 442 2213 amissum,
463 2142 649 2204 cernentibus
668 2163 813 2208 summum
826 2143 989 2222 imperium.
1030 2139 1091 2198 lta—

114 2237 175 2297 que
186 2217 359 2278 clarissimis
371 2220 443 2279 viris
456 2239 492 2279 ex
508 2220 669 2297 composito
682 2219 855 2300 praeparatis
869 2219 1090 2298 adpetendum,

116 2315 191 2374 quos
204 2296 405 2374 praetereundi
419 2296 625 2356 verecundiam
640 2297 795 2362 crederent
807 2297 880 2364 fore,
900 2295 1088 2354 nihilominus

115 2373 181 2453 ipsi,
195 2373 318 2451 perinde
332 2393 367 2434 ae
379 2374 404 2432 si
418 2389 518 2432 omnes
533 2373 683 2432 candidati
697 2379 805 2444 esseut,
819 2378 926 2432 cuneta
939 2371 1090 2450 experien-

91 2461 92 2464 ’
116 2459 173 2523 tes,
187 2470 245 2510 non
259 2451 391 2511 homines
402 2449 498 2520 mode,
512 2449 562 2510 sed
577 2452 655 2510 Deos
669 2451 767 2519 etiam,
777 2450 962 2530 excipiebant
974 2469 982 2519 3
1002 2449 1033 2508 io
1045 2468 1089 2508 re·
1178 2497 1179 2502 ,

116 2529 254 2588 livionem
268 2535 418 2589 vertentes
440 2521 686 2589 comitia‘oionnio
705 2527 822 2595 liabitas
843 2529 939 2607 priore
952 2545 1029 2605 anno
1046 2525 1091 2584 in·
1178 2549 1179 2564 ³

115 2575 298 2669 tdlerandarn
321 2608 445 2676 hiemem
459 2605 657 2742 prudipiisque
682 2607 790 2666 divinis
803 2606 927 2668 similem
940 2609 1088 2665 coortam:
1178 2657 1179 2660 ,

115 2683 246 2762 proximo
267 2703 325 2743 non
347 2685 490 2762 prodigio,
504 2704 538 2744 se

117 2761 239 2838 urbique
257 2754 369 2820 illatam
384 2761 459 2820 haud
470 2761 561 2821 ,dubit
580 2761 625 2818 iri.
640 2763 754 2820 Derim:
796 2781 849 2820 uos
862 2762 954 2838 pestis
968 2763 1031 2838 ujus
1045 2777 1089 2816 ar·

117 2839 221 2901 cerrdae
244 2843 334 2898 causa
357 2837 647 2921 placandosesse‚i11
670 2839 750 2899 libris
773 2783 911 2898 dotalibus
934 2838 1087 2897 inventum
1139 2893 1143 2896 .

116 2917 164 2976 sit.
204 2915 349 2988 Comitiis,
362 2937 414 2975 aus
435 2915 512 2975 teate
526 2935 594 2992 qoae
609 2914 724 2976 fierent.
738 2915 891 2999 indiguum
913 2915 978 2974 Diis
992 2913 1087 2973 visum

116 2994 240 3054 bonores
267 2994 389 3072 vulgari.
410 2937 638 3071 discriminaque
660 2994 791 3071 gentium
819 2993 968 3052 conlundi.
1008 2991 1089 3050 Prae·

116 3079 252 3150 terquam
272 3075 428 3162 rnajpstate
448 3071 622 3150 petentium,
643 3071 785 3151 religione
805 3073 894 3130 etiam
909 3070 1025 3131 attoniti
1039 3069 1089 3129 ho·
1121 3077 1125 3084 ⁴

573 2687 783 2760 jam'eventus,
796 2685 993 2763 pestilentiam
1012 2682 1089 2762 agris
1178 2701 1179 2752 3

116 3169 212 3210 moires
234 3155 372 3229 patrimus
397 3166 505 3220 omues,
533 3153 647 3226 purtem
672 3169 808 3229 magnam
833 3148 1088 3211 honoratissimum
1178 3157 1179 3216 j

118 3248 275 3308 quemque,
288 3228 418 3286 tribunos
432 3226 557 3286 militum
572 3227 718 3287 consulari
737 3233 880 3305 potestate
894 3246 1038 3292 creavere,
1052 3225 1088 3284 L.
1178 3299 1179 3304 ἵ

118 3307 269 3366 Valerium
280 3305 409 3366 Potitum
423 3306 568 3384 quintium,
583 3307 625 3364 M.
638 3306 787 3366 Valerium
796 3306 964 3367 Maximum
975 3303 1018 3360 M.
1032 3301 1088 3362 Fu·

119 3385 193 3444 rium
215 3383 372 3442 Cantillum
395 3383 529 3453 tertiuim,
548 3382 585 3443 L.
599 3385 719 3444 Furium
744 3384 940 3443 Medullinum
954 3381 1087 3449 tertiulm,

119 3462 154 3533 Q.
168 3460 323 3540 Servilium
345 3463 515 3523 Fidenatem
535 3462 702 3536 iconomo.
723 3461 882 3538 Sulpicium
897 3459 1088 3518 Camerinum.
1178 3479 1179 3490 ¹

118 3539 233 3598 iterum.
248 3603 253 3620 .
273 3543 329 3600 His
343 3541 525 3600 tribunusred
541 3539 629 3620 Vejus
644 3539 715 3600 oilril
730 3539 887 3609 admodum
899 3536 1084 3598 memorabile
1178 3547 1179 3570 ³

119 3622 216 3682 actum
242 3623 304 3691 θεῖς
327 3624 389 3684 tota
409 3619 454 3678 vis
478 3619 508 3678 in
529 3615 765 3700 populationibus
789 3616 852 3680 suta
892 3615 957 3676 Duo
979 3609 1084 3680 sumini
