2394 4138
6 401 7 416 i

6 425 12 450 l·

367 41 549 110 Nereine
570 26 695 102 *facin
722 13 1022 111 adiicerent?

107 215 146 272 ⁸6
505 209 545 270 T.
567 154 705 272 uivus

107 371 132 432 ti
143 368 259 436 venisse
271 371 388 448 tempus
408 367 579 447 premendae
600 365 695 448 plebis
708 368 859 444 putabant,
872 366 1086 451 recuperandi·

108 454 251 532 quejura,
271 465 338 525 quae
353 453 467 506 extorta
486 445 651 509 secessione
665 465 701 506 ac
715 445 744 506 vi
762 446 896 518 Patribus
909 458 1029 520 essent;
1049 451 1084 512 in

58 575 62 584 .
106 531 209 610 primis
219 525 351 584 Marcius
363 511 650 594 Coriolanuthostis
661 525 824 586 tribuniciae
838 528 1005 605 potestatis,
1017 529 1084 589 “Si

6 603 7 614 ¹
58 617 62 624 '
106 603 281 674 annonam,”
294 603 402 681 inquit,
424 613 443 641 ‘¹
454 609 582 664 ueterem
600 603 712 674 volunt,
721 607 770 685 jus
783 605 938 684 pristinum
955 607 1085 672 reddant

105 685 251 746 Patribus.
291 682 353 741 Cur
366 701 420 760 epo
444 681 573 762 plebeios
587 683 785 762 magistratus
805 703 859 742 cur
873 677 1016 746 Sicinium
1029 703 1084 765 po·

105 769 216 823 tentem
232 760 328 832 video,
351 729 404 821 sub
424 763 528 842 Jugum
542 759 839 840 missenianquama
863 761 1025 823 latronibus
1038 783 1085 823 re·
1113 799 1116 802 -

104 841 263 922 demptus?
285 843 308 900 Ε
328 859 384 900 orie
398 840 449 900 lias
463 836 654 918 indignitates
675 840 789 900 diutius
811 841 906 921 patiar
926 839 1017 932 qudam
1031 862 1083 906 ne·

106 939 189 982 cesse
201 920 270 980 est?
320 919 485 997 aiquinium
498 937 595 998 regem
611 917 662 996 qui
676 939 732 978 non
747 920 875 990 tu¹erim,
885 919 1028 978 Sicinium
1039 919 1090 982 fe-.
1178 984 1182 1003 ¹

71 1040 73 1049 ι
102 998 192 1060 ram?
213 998 340 1058 Secedat
352 1017 442 1058 nunc.
456 1001 560 1056 avocet
580 995 715 1088 plebem:
736 1002 819 1078 patet
839 997 887 1057 via
905 997 935 1058 iu
957 997 1081 1060 Sacrum
1098 1031 1100 1034 ·

103 1085 233 1140 montem
249 1077 381 1156 aliosque
396 1076 505 1146 oolleis3
525 1083 643 1152 rapiant
655 1075 802 1136 frumenta
822 1097 859 1136 ex
870 1075 950 1156 agris
963 1077 1081 1149 nostris,

125 1155 351 1216 uemadmodum
365 1155 454 1214 tertio
464 1151 684 1233 anuo'rapuere.
725 1155 975 1214 Utanturaunont
991 1157 1080 1246 quain

103 1177 202 1295 iurore
221 1253 274 1292 suo
294 1233 402 1292 lesere.
441 1231 548 1290 Audeo
569 1231 678 1301 dicere,
691 1232 744 1291 lioo
763 1233 843 1292 malo
859 1232 985 1293 domitos
998 1253 1079 1314 ipsos

102 1311 203 1394 potiris
215 1310 345 1370 cultores
359 1329 492 1389 amorum
507 1307 578 1379 fore,
598 1309 686 1387 quim
702 1313 736 1368 ut
755 1310 861 1374 armati
874 1329 927 1389 per
940 1312 1081 1372 secessio·

102 1409 170 1452 neni
192 1387 250 1449 coli
268 1388 468 1470 prohibeant.’'
508 1387 595 1446 Haud
619 1395 679 1448 tarn
694 1387 781 1446 facile
801 1389 883 1448 dictu
898 1395 955 1460 est,
968 1389 1082 1450 sacien-

102 1469 212 1528 dumne
225 1466 324 1538 fuerit,
337 1467 425 1547 quun
438 1466 568 1546 potuisse
581 1466 705 1526 arbitror
717 1465 790 1536 fieri,
802 1472 845 1538 ut,
858 1467 1078 1536 conditionibus

7 1563 12 1572 ’
101 1547 391 1617 laxandi'annonam,
404 1557 434 1606 et
447 1543 633 1606 tribuniciam
648 1551 835 1624 potestatem,
849 1554 881 1606 et
895 1547 993 1606 omnia
1004 1547 1090 1608 invi·-

104 1626 143 1686 tis
158 1628 222 1684 ‘ura
233 1624 369 1704 imposita
384 1629 483 1705 patres
498 1623 652 1686 demerent
663 1623 727 1684 sibi.
786 1673 789 1680 .

143 1647 266 1764 ixxV.
288 1700 326 1762 Et
341 1703 455 1762 senatui
470 1701 557 1761 nimis
571 1707 654 1764 atrox
668 1703 728 1761 risa
744 1705 892 1764 sententia
905 1709 960 1774 est,
973 1710 1004 1764 et
1016 1707 1080 1786 ple·
1122 1765 1123 1771 ,

101 1783 168 1844 bem
182 1783 226 1843 ira
238 1801 329 1862 prope
343 1781 476 1842 armavit.
516 1789 534 1818 “
545 1781 635 1840 Fame
650 1801 681 1842 se
697 1783 769 1861 jam,
780 1782 858 1854 sicut
870 1783 981 1853 liostes,
997 1785 1079 1864 peti-3

100 1859 166 1920 cibo
180 1863 320 1939 victuque
339 1859 490 1929 fraudari}
511 1858 695 1938 peregrinum
710 1859 902 1933 trumentum,
925 1881 993 1952 quae
1010 1864 1079 1926 sola

100 1939 291 2000 alimentaex
314 1939 464 2019 insperato
484 1937 602 1997 fortuna
622 1937 749 2006 dederit,
761 1939 797 1996 ab
817 1957 866 1998 ore
882 1959 957 2018 rapi,
971 1941 1027 2000 nisi
1041 1941 1077 2004 O·

100 2017 217 2076 Marcio
229 2017 322 2076 vincti
336 2017 484 2076 dedantur
506 2015 624 2084 tribuni,
638 2015 694 2074 nisi
709 2016 746 2076 de
757 2022 842 2099 tergo
856 2018 949 2096 plebis
968 2019 1076 2079 Roma-

99 2114 149 2156 nae
164 2093 297 2155 satisfiat.
336 2095 412 2156 Eum
424 2093 480 2154 sibi
493 2092 660 2152 carnificem
683 2113 789 2154 novum
805 2103 949 2165 exortum,
961 2097 1013 2174 qui
1025 2103 1080 2158 aut

99 2172 248 2245 mori,aut
272 2171 381 2234 servire
400 2171 528 2251 jubeat.”
568 2170 603 2229 lii
624 2177 781 2232 exeuntem
806 2171 822 2230 ὲ
843 2175 925 2234 curia
945 2174 1084 2256 impetus

80 2251 196 2312 ,factus
209 2259 298 2322 esset,
317 2251 348 2311 ni
369 2270 450 2338 pero
481 2255 526 2310 ort
547 2247 585 2308 ud
608 2249 717 2308 tribuni
731 2249 809 2310 diem
834 2251 988 2314 dixissent
1031 2254 1081 2315 lbi

98 2329 143 2389 ira
156 2335 203 2390 est
225 2327 399 2410 suppressa:
421 2349 453 2388 se
472 2317 760 2409 judicimqsvquisqua
780 2350 811 2390 se
826 2329 976 2408 dominum
1002 2331 1074 2395 vitae

98 2409 240 2487 necisque
251 2407 372 2478 inimici,
386 2407 496 2478 suctum
509 2407 635 2466 ridebat.
675 2408 874 2486 (fonteinptim
887 2409 982 2488 primd
994 2409 1080 2486 diar-

99 2485 162 2546 cius
176 2485 313 2546 audiebat
323 2486 418 2544 minus
432 2484 604 2542 tribunicias
613 2503 622 2552 3
642 2485 752 2550 auxilii,
766 2504 823 2542 non
839 2505 950 2562 poenae,
961 2482 1014 2566 jus
1025 2487 1077 2546 ila..

97 2570 161 2622 tum
175 2563 218 2622 illi
240 2562 381 2659 potestati
393 2582 402 2630 ;
427 2561 589 2638 plebisque.
611 2579 667 2620 non
694 2559 827 2630 Puteum,
846 2562 978 2623 tribunos
999 2583 1075 2624 esse.

98 2639 156 2697 Sed
182 2641 258 2698 adeo
280 2637 396 2696 insensa
410 2645 474 2696 erat
488 2641 586 2696 coorta
601 2637 692 2711 plebs,
714 2643 746 2694 ut
759 2637 847 2698 unius
865 2659 955 2718 poeua
969 2637 1101 2714 defun-j

96 2717 224 2796 gendum
245 2722 324 2777 esset
339 2715 489 2775 Patribus.
528 2713 716 2772 Restiterunt
736 2719 835 2775 tamen
860 2717 984 2778 adverset
998 2719 1075 2790 invi·

97 2795 159 2868 dit,
172 2793 275 2875 usique
290 2800 370 2867 sunt,
388 2791 446 2872 quai
461 2792 521 2852 suis
545 2791 679 2870 quisque,
698 2791 758 2870 qua
772 2794 862 2856 totius
881 2797 992 2858 ordinis
1005 2797 1074 2861 riri·
1122 2799 1128 2812 '

96 2875 159 2934 bus.
184 2876 245 2933 ‘Ao
260 2873 354 2953 primd
367 2877 482 2934 tentata
496 2893 544 2932 res
557 2876 612 2937 est,
632 2870 667 2941 si,
680 2871 832 2962 clisppsib's
847 2873 1012 2948 clientibus,
1025 2878 1074 2938 ab·

96 2951 251 3012 sterrendo
265 2947 395 3024 sineuios
418 2951 434 3009 d
449 2949 622 3025 enitionibus
647 2951 846 3030 consiliisque,
860 2951 996 3016 disicere
1011 2975 1073 3024 reni

95 3034 226 3110 possent.
266 3017 406 3092 Universi
428 3029 535 3090 deinde
560 3047 741 3108 processere,
763 2977 916 3112 (quicquid
941 3033 1073 3094 eratPa·

95 3113 186 3178 tium,
199 3127 264 3167 reos
278 3108 405 3186 diceres>
428 3109 566 3188 precibus
587 3107 701 3186 plebem
715 3117 930 3189 exposcentes3
950 3120 967 3150 ‘⁵
980 3129 1072 3171 unum

95 3185 150 3244 sibi
165 3183 271 3262 cirtem,
294 3205 385 3244 unum
397 3197 574 3252 senatorem,
588 3185 613 3244 si
634 3185 821 3246 innocentem
845 3189 994 3248 absolvere
1008 3189 1071 3246 nol.-

95 3263 169 3328 ient,
193 3281 245 3340 pro
266 3267 393 3320 nocente
416 3263 586 3336 donarent.”
626 3263 695 3340 lpse
718 3285 807 3340 quum
834 3267 882 3326 die
907 3265 989 3324 dictet
1010 3282 1070 3328 uon

95 3339 223 3409 adesset,
234 3345 452 3420 perseqeratom
467 3337 496 3396 in
511 3337 555 3396 ira
567 3341 622 3396 est.
663 3339 943 3402 Daninutusabsens
957 3343 988 3403 iii
999 3343 1071 3404 Vol·

95 3435 163 3476 ecos
176 3418 341 3482 exsulatum
354 3415 434 3487 abiit,
455 3413 594 3476 minitoris
607 3416 725 3493 patriae,
738 3418 918 3498 hostilesque
927 3422 991 3501 jain
1003 3429 1068 3483 tuin

95 3493 216 3572 spiritus
229 3513 343 3574 gerens.
382 3495 558 3556 Venientem
574 3493 675 3553 Volsci
700 3496 826 3576 benign&
839 3518 1000 3578 excepere3
1019 3503 1071 3562 be·

94 3571 272 3652 nigniusque
286 3572 317 3656 iri
331 3572 396 3634 dies
410 3571 546 3632 colebant
557 3591 616 3651 quo
627 3574 720 3652 major
730 3573 775 3633 ira
788 3573 818 3634 in
833 3596 901 3637 suos
913 3579 1069 3652 eminebat,

95 3651 265 3732 crebraque
279 3669 357 3712 nunc
369 3653 510 3734 querelae,
520 3669 599 3716 uuiio
611 3651 699 3725 nne
708 3651 954 3736 percipiebantur.
994 3658 1076 3722 Hos«

199 3789 203 3820 '⁵
289 3795 413 3840 ([«ἨΗΙ
486 3807 527 3831 s
554 3801 576 3830 δ’
688 3773 698 3782 .
731 3767 977 3826 *adelfos-'1'
1006 3784 1045 3814 ..ι’
1121 3817 1126 3824 1
