<?xml version="1.0" encoding="UTF-8"?>
<!DOCTYPE html PUBLIC "-//W3C//DTD XHTML 1.0 Transitional//EN"
    "http://www.w3.org/TR/xhtml1/DTD/xhtml1-transitional.dtd">
<html xmlns="http://www.w3.org/1999/xhtml" xml:lang="en" lang="en">
 <head>
  <title>
</title>
<meta http-equiv="Content-Type" content="text/html;charset=utf-8" />
  <meta name='ocr-system' content='tesseract 3.04.00' />
  <meta name='ocr-capabilities' content='ocr_page ocr_carea ocr_par ocr_line ocrx_word'/>
</head>
<body>
  <div class='ocr_page' id='page_1' title='image "./historiarumlibr02livygoog_0156.png"; bbox 0 0 2388 4120; ppageno 0'>
   <div class='ocr_carea' id='block_1_1' title="bbox 402 21 684 144">
    <p class='ocr_par' dir='ltr' id='par_1_1' title="bbox 402 21 684 144">
     <span class='ocr_line' id='line_1_1' title="bbox 458 21 634 76; baseline 0 -37"><span class='ocrx_word' id='word_1_1' title='bbox 458 21 476 73; x_wconf 48' lang='lat' dir='ltr'>lxa</span> <span class='ocrx_word' id='word_1_2' title='bbox 507 32 527 76; x_wconf 54' lang='lat' dir='ltr'>q(</span> <span class='ocrx_word' id='word_1_3' title='bbox 630 33 634 62; x_wconf 56' lang='grc' dir='ltr'>,Ι</span> 
     </span>
     <span class='ocr_line' id='line_1_2' title="bbox 402 74 684 144; baseline 0.007 -17"><span class='ocrx_word' id='word_1_4' title='bbox 402 83 500 144; x_wconf 46' lang='lat' dir='ltr'>pau.</span> <span class='ocrx_word' id='word_1_5' title='bbox 527 74 684 130; x_wconf 44' lang='lat' dir='ltr'>&#39;&#39;will&#39;‘</span> 
     </span>
    </p>
   </div>
   <div class='ocr_carea' id='block_1_2' title="bbox 497 217 1075 294">
    <p class='ocr_par' dir='ltr' id='par_1_2' title="bbox 497 183 1075 294">
     <span class='ocr_line' id='line_1_3' title="bbox 497 217 1075 294; baseline 0.007 -5"><span class='ocrx_word' id='word_1_6' title='bbox 497 219 622 290; x_wconf 73' lang='lat' dir='ltr'>einen</span> <span class='ocrx_word' id='word_1_7' title='bbox 641 217 699 290; x_wconf 90' lang='lat' dir='ltr'>iii.</span> <span class='ocrx_word' id='word_1_8' title='bbox 1019 235 1075 294; x_wconf 78' lang='lat' dir='ltr'>ise</span> 
     </span>
    </p>
   </div>
   <div class='ocr_carea' id='block_1_3' title="bbox 16 373 1076 467">
    <p class='ocr_par' dir='ltr' id='par_1_3' title="bbox 16 373 1076 467">
     <span class='ocr_line' id='line_1_4' title="bbox 16 373 1076 467; baseline 0.004 -23"><span class='ocrx_word' id='word_1_9' title='bbox 16 403 18 424; x_wconf 82' lang='lat'><strong>¹</strong></span> <span class='ocrx_word' id='word_1_10' title='bbox 99 383 349 446; x_wconf 74' lang='lat' dir='ltr'>aimatateniati</span> <span class='ocrx_word' id='word_1_11' title='bbox 378 373 532 446; x_wconf 76' lang='lat' dir='ltr'>Occasune</span> <span class='ocrx_word' id='word_1_12' title='bbox 548 385 629 446; x_wconf 80' lang='lat' dir='ltr'>orbis</span> <span class='ocrx_word' id='word_1_13' title='bbox 650 387 749 448; x_wconf 81' lang='lat' dir='ltr'>voltis</span> <span class='ocrx_word' id='word_1_14' title='bbox 763 381 839 448; x_wconf 87' lang='lat' dir='ltr'>liniri</span> <span class='ocrx_word' id='word_1_15' title='bbox 858 381 1012 467; x_wconf 81' lang='lat' dir='ltr'>imperium</span> <span class='ocrx_word' id='word_1_16' title='bbox 1025 391 1076 448; x_wconf 80' lang='lat' dir='ltr'>i·-</span> 
     </span>
    </p>
   </div>
   <div class='ocr_carea' id='block_1_4' title="bbox 95 463 1077 782">
    <p class='ocr_par' dir='ltr' id='par_1_4' title="bbox 95 463 1077 782">
     <span class='ocr_line' id='line_1_5' title="bbox 103 463 1077 542; baseline 0.006 -19"><span class='ocrx_word' id='word_1_17' title='bbox 103 463 197 542; x_wconf 75' lang='lat' dir='ltr'>Atqui</span> <span class='ocrx_word' id='word_1_18' title='bbox 212 469 262 522; x_wconf 85' lang='lat' dir='ltr'>aut</span> <span class='ocrx_word' id='word_1_19' title='bbox 276 465 357 542; x_wconf 83' lang='lat' dir='ltr'>plebs</span> <span class='ocrx_word' id='word_1_20' title='bbox 371 485 433 525; x_wconf 90' lang='lat' dir='ltr'>non·</span> <span class='ocrx_word' id='word_1_21' title='bbox 444 471 490 524; x_wconf 88' lang='lat' dir='ltr'>est</span> <span class='ocrx_word' id='word_1_22' title='bbox 510 463 653 532; x_wconf 78' lang='lat' dir='ltr'>babendo,</span> <span class='ocrx_word' id='word_1_23' title='bbox 665 475 716 526; x_wconf 88' lang='lat' dir='ltr'>aut</span> <span class='ocrx_word' id='word_1_24' title='bbox 729 466 852 527; x_wconf 87' lang='lat' dir='ltr'>habendi</span> <span class='ocrx_word' id='word_1_25' title='bbox 873 472 942 526; x_wconf 86' lang='lat' dir='ltr'>sunt</span> <span class='ocrx_word' id='word_1_26' title='bbox 965 468 1077 529; x_wconf 84' lang='lat' dir='ltr'>tribuni</span> 
     </span>
     <span class='ocr_line' id='line_1_6' title="bbox 101 541 1074 624; baseline 0.006 -25"><span class='ocrx_word' id='word_1_27' title='bbox 101 541 204 624; x_wconf 90' lang='lat' dir='ltr'>plebis.</span> <span class='ocrx_word' id='word_1_28' title='bbox 255 542 321 602; x_wconf 84' lang='lat' dir='ltr'>Nos</span> <span class='ocrx_word' id='word_1_29' title='bbox 354 543 443 604; x_wconf 84' lang='lat' dir='ltr'>citiiis</span> <span class='ocrx_word' id='word_1_30' title='bbox 476 543 655 602; x_wconf 76' lang='lat' dir='ltr'>caruerimus</span> <span class='ocrx_word' id='word_1_31' title='bbox 687 545 818 623; x_wconf 87' lang='lat' dir='ltr'>patriciis</span> <span class='ocrx_word' id='word_1_32' title='bbox 851 545 1074 624; x_wconf 83' lang='lat' dir='ltr'>magistratibus,</span> 
     </span>
     <span class='ocr_line' id='line_1_7' title="bbox 103 619 1076 701; baseline 0.006 -23"><span class='ocrx_word' id='word_1_33' title='bbox 103 620 189 699; x_wconf 62' lang='lat' dir='ltr'>quiin</span> <span class='ocrx_word' id='word_1_34' title='bbox 205 619 249 680; x_wconf 91' lang='lat' dir='ltr'>illi</span> <span class='ocrx_word' id='word_1_35' title='bbox 262 621 393 700; x_wconf 90' lang='lat' dir='ltr'>plebeiis.</span> <span class='ocrx_word' id='word_1_36' title='bbox 434 620 548 681; x_wconf 88' lang='lat' dir='ltr'>Novam</span> <span class='ocrx_word' id='word_1_37' title='bbox 563 623 806 701; x_wconf 80' lang='lat' dir='ltr'>inexpertamque</span> <span class='ocrx_word' id='word_1_38' title='bbox 819 643 883 684; x_wconf 90' lang='lat' dir='ltr'>eam</span> <span class='ocrx_word' id='word_1_39' title='bbox 894 630 1076 701; x_wconf 85' lang='lat' dir='ltr'>potestatem</span> 
     </span>
     <span class='ocr_line' id='line_1_8' title="bbox 95 697 1074 782; baseline 0.004 -24"><span class='ocrx_word' id='word_1_40' title='bbox 95 699 234 778; x_wconf 84' lang='lat' dir='ltr'>eripuere</span> <span class='ocrx_word' id='word_1_41' title='bbox 248 699 379 778; x_wconf 81' lang='lat' dir='ltr'>patribus</span> <span class='ocrx_word' id='word_1_42' title='bbox 401 698 517 768; x_wconf 82' lang='lat' dir='ltr'>nostiis,</span> <span class='ocrx_word' id='word_1_43' title='bbox 540 718 578 758; x_wconf 89' lang='lat' dir='ltr'>ne</span> <span class='ocrx_word' id='word_1_44' title='bbox 592 717 681 769; x_wconf 89' lang='lat' dir='ltr'>nunc,</span> <span class='ocrx_word' id='word_1_45' title='bbox 702 701 858 762; x_wconf 82' lang='lat' dir='ltr'>dulcedine</span> <span class='ocrx_word' id='word_1_46' title='bbox 872 701 962 760; x_wconf 86' lang='lat' dir='ltr'>semel</span> <span class='ocrx_word' id='word_1_47' title='bbox 985 697 1074 782; x_wconf 77' lang='lat' dir='ltr'>capii,</span> 
     </span>
    </p>
   </div>
   <div class='ocr_carea' id='block_1_5' title="bbox 16 777 1073 858">
    <p class='ocr_par' dir='ltr' id='par_1_5' title="bbox 16 777 1073 858">
     <span class='ocr_line' id='line_1_9' title="bbox 16 777 1073 858; baseline 0.006 -23"><span class='ocrx_word' id='word_1_48' title='bbox 16 839 23 856; x_wconf 57' lang='lat'>‚</span> <span class='ocrx_word' id='word_1_49' title='bbox 99 777 399 848; x_wconf 84' lang='lat' dir='ltr'>ferantdesideiium,</span> <span class='ocrx_word' id='word_1_50' title='bbox 422 796 510 856; x_wconf 87' lang='lat' dir='ltr'>quum</span> <span class='ocrx_word' id='word_1_51' title='bbox 535 778 700 854; x_wconf 82' lang='lat' dir='ltr'>praesertim</span> <span class='ocrx_word' id='word_1_52' title='bbox 724 795 778 838; x_wconf 87' lang='lat' dir='ltr'>neo</span> <span class='ocrx_word' id='word_1_53' title='bbox 800 787 853 837; x_wconf 87' lang='lat' dir='ltr'>nos</span> <span class='ocrx_word' id='word_1_54' title='bbox 877 784 1073 858; x_wconf 75' lang='lat' dir='ltr'>temperemus</span> 
     </span>
    </p>
   </div>
   <div class='ocr_carea' id='block_1_6' title="bbox 95 854 1111 1323">
    <p class='ocr_par' dir='ltr' id='par_1_6' title="bbox 95 854 1111 1246">
     <span class='ocr_line' id='line_1_10' title="bbox 99 854 1074 934; baseline 0.002 -20"><span class='ocrx_word' id='word_1_55' title='bbox 99 855 240 934; x_wconf 88' lang='lat' dir='ltr'>imperiis,</span> <span class='ocrx_word' id='word_1_56' title='bbox 249 875 312 932; x_wconf 85' lang='lat' dir='ltr'>quo</span> <span class='ocrx_word' id='word_1_57' title='bbox 324 854 425 915; x_wconf 83' lang='lat' dir='ltr'>mimis</span> <span class='ocrx_word' id='word_1_58' title='bbox 435 855 479 916; x_wconf 85' lang='lat' dir='ltr'>illi</span> <span class='ocrx_word' id='word_1_59' title='bbox 493 855 594 914; x_wconf 78' lang='lat' dir='ltr'>auxilii</span> <span class='ocrx_word' id='word_1_60' title='bbox 609 863 739 934; x_wconf 62' lang='lat' dir='ltr'>egeant?</span> <span class='ocrx_word' id='word_1_61' title='bbox 773 856 874 928; x_wconf 85' lang='lat' dir='ltr'>Qunin</span> <span class='ocrx_word' id='word_1_62' title='bbox 887 856 953 916; x_wconf 86' lang='lat' dir='ltr'>baec</span> <span class='ocrx_word' id='word_1_63' title='bbox 965 877 1000 916; x_wconf 86' lang='lat' dir='ltr'>ex</span> <span class='ocrx_word' id='word_1_64' title='bbox 1014 877 1074 916; x_wconf 88' lang='lat' dir='ltr'>oin·</span> 
     </span>
     <span class='ocr_line' id='line_1_11' title="bbox 99 932 1076 1023; baseline 0.003 -31"><span class='ocrx_word' id='word_1_65' title='bbox 99 934 130 992; x_wconf 88' lang='lat' dir='ltr'>ni</span> <span class='ocrx_word' id='word_1_66' title='bbox 144 938 229 1011; x_wconf 87' lang='lat' dir='ltr'>parte</span> <span class='ocrx_word' id='word_1_67' title='bbox 246 935 442 1023; x_wconf 67' lang='lat' dir='ltr'>jactarentur,</span> <span class='ocrx_word' id='word_1_68' title='bbox 458 932 531 992; x_wconf 85' lang='lat' dir='ltr'>victi</span> <span class='ocrx_word' id='word_1_69' title='bbox 552 933 702 992; x_wconf 73' lang='lat' dir='ltr'>censensu</span> <span class='ocrx_word' id='word_1_70' title='bbox 722 933 892 1004; x_wconf 85' lang='lat' dir='ltr'>decemviri,</span> <span class='ocrx_word' id='word_1_71' title='bbox 904 934 1018 994; x_wconf 82' lang='lat' dir='ltr'>futuros</span> <span class='ocrx_word' id='word_1_72' title='bbox 1032 953 1076 1008; x_wconf 87' lang='lat' dir='ltr'>se,</span> 
     </span>
     <span class='ocr_line' id='line_1_12' title="bbox 95 1009 1111 1090; baseline 0.001 -20"><span class='ocrx_word' id='word_1_73' title='bbox 95 1011 220 1090; x_wconf 89' lang='lat' dir='ltr'>quando</span> <span class='ocrx_word' id='word_1_74' title='bbox 246 1016 288 1070; x_wconf 89' lang='lat' dir='ltr'>ita</span> <span class='ocrx_word' id='word_1_75' title='bbox 311 1010 458 1080; x_wconf 37' lang='lat' dir='ltr'>*uideatnn</span> <span class='ocrx_word' id='word_1_76' title='bbox 481 1009 512 1069; x_wconf 91' lang='lat' dir='ltr'>in</span> <span class='ocrx_word' id='word_1_77' title='bbox 533 1017 681 1090; x_wconf 72' lang='lat' dir='ltr'>potestate</span> <span class='ocrx_word' id='word_1_78' title='bbox 705 1012 826 1071; x_wconf 80' lang='lat' dir='ltr'>Petrum</span> <span class='ocrx_word' id='word_1_79' title='bbox 840 1012 993 1071; x_wconf 84' lang='lat' dir='ltr'>affirmant.</span> <span class='ocrx_word' id='word_1_80' title='bbox 1035 1013 1072 1072; x_wconf 87' lang='lat' dir='ltr'>lil</span> <span class='ocrx_word' id='word_1_81' title='bbox 1104 1047 1111 1058; x_wconf 90' lang='lat'><em>·</em></span> 
     </span>
     <span class='ocr_line' id='line_1_13' title="bbox 99 1087 1076 1167; baseline 0.003 -21"><span class='ocrx_word' id='word_1_82' title='bbox 99 1087 190 1166; x_wconf 76' lang='lat' dir='ltr'>moilb</span> <span class='ocrx_word' id='word_1_83' title='bbox 203 1087 290 1148; x_wconf 91' lang='lat' dir='ltr'>simul</span> <span class='ocrx_word' id='word_1_84' title='bbox 304 1096 390 1148; x_wconf 88' lang='lat' dir='ltr'>orant</span> <span class='ocrx_word' id='word_1_85' title='bbox 402 1110 436 1150; x_wconf 86' lang='lat' dir='ltr'>ac</span> <span class='ocrx_word' id='word_1_86' title='bbox 450 1093 579 1157; x_wconf 89' lang='lat' dir='ltr'>monent,</span> <span class='ocrx_word' id='word_1_87' title='bbox 593 1095 626 1146; x_wconf 94' lang='lat' dir='ltr'>ut</span> <span class='ocrx_word' id='word_1_88' title='bbox 636 1088 708 1167; x_wconf 81' lang='lat' dir='ltr'>ipsis</span> <span class='ocrx_word' id='word_1_89' title='bbox 728 1091 763 1148; x_wconf 91' lang='lat' dir='ltr'>ab</span> <span class='ocrx_word' id='word_1_90' title='bbox 783 1089 895 1157; x_wconf 82' lang='lat' dir='ltr'>invidia</span> <span class='ocrx_word' id='word_1_91' title='bbox 919 1099 1057 1149; x_wconf 88' lang='lat' dir='ltr'>caveatur</span> <span class='ocrx_word' id='word_1_92' title='bbox 1064 1111 1076 1162; x_wconf 70' lang='lat' dir='ltr'>a</span> 
     </span>
     <span class='ocr_line' id='line_1_14' title="bbox 99 1165 1074 1246; baseline 0.001 -18"><span class='ocrx_word' id='word_1_93' title='bbox 99 1185 159 1228; x_wconf 88' lang='lat' dir='ltr'>nec</span> <span class='ocrx_word' id='word_1_94' title='bbox 175 1185 229 1227; x_wconf 88' lang='lat' dir='ltr'>suo</span> <span class='ocrx_word' id='word_1_95' title='bbox 240 1167 381 1244; x_wconf 80' lang='lat' dir='ltr'>sanguine</span> <span class='ocrx_word' id='word_1_96' title='bbox 393 1167 430 1226; x_wconf 92' lang='lat' dir='ltr'>ad</span> <span class='ocrx_word' id='word_1_97' title='bbox 446 1165 589 1245; x_wconf 85' lang='lat' dir='ltr'>supplicia</span> <span class='ocrx_word' id='word_1_98' title='bbox 605 1167 724 1225; x_wconf 81' lang='lat' dir='ltr'>Patroni</span> <span class='ocrx_word' id='word_1_99' title='bbox 739 1168 853 1246; x_wconf 87' lang='lat' dir='ltr'>plebem</span> <span class='ocrx_word' id='word_1_100' title='bbox 866 1167 1074 1228; x_wconf 81' lang='lat' dir='ltr'>assuefaciant.</span> 
     </span>
    </p>

    <p class='ocr_par' dir='ltr' id='par_1_7' title="bbox 139 1242 1071 1323">
     <span class='ocr_line' id='line_1_15' title="bbox 139 1242 1071 1323; baseline 0.002 -19"><span class='ocrx_word' id='word_1_101' title='bbox 139 1245 226 1306; x_wconf 86' lang='lat' dir='ltr'>Llll.</span> <span class='ocrx_word' id='word_1_102' title='bbox 247 1245 323 1303; x_wconf 90' lang='lat' dir='ltr'>Tum</span> <span class='ocrx_word' id='word_1_103' title='bbox 345 1245 479 1306; x_wconf 86' lang='lat' dir='ltr'>Valerius</span> <span class='ocrx_word' id='word_1_104' title='bbox 496 1242 703 1323; x_wconf 77' lang='lat' dir='ltr'>Horatiusque,</span> <span class='ocrx_word' id='word_1_105' title='bbox 717 1244 798 1306; x_wconf 89' lang='lat' dir='ltr'>missi</span> <span class='ocrx_word' id='word_1_106' title='bbox 819 1245 857 1304; x_wconf 82' lang='lat' dir='ltr'>acl</span> <span class='ocrx_word' id='word_1_107' title='bbox 873 1246 985 1322; x_wconf 87' lang='lat' dir='ltr'>plebem</span> <span class='ocrx_word' id='word_1_108' title='bbox 1001 1265 1071 1306; x_wconf 85' lang='lat' dir='ltr'>con·</span> 
     </span>
    </p>
   </div>
   <div class='ocr_carea' id='block_1_7' title="bbox 92 1322 1071 1414">
    <p class='ocr_par' dir='ltr' id='par_1_8' title="bbox 92 1322 1071 1414">
     <span class='ocr_line' id='line_1_16' title="bbox 92 1322 1071 1414; baseline 0.002 -32"><span class='ocrx_word' id='word_1_109' title='bbox 92 1323 265 1392; x_wconf 75' lang='lat' dir='ltr'>ditionibus,</span> <span class='ocrx_word' id='word_1_110' title='bbox 277 1322 381 1414; x_wconf 74' lang='lat' dir='ltr'>quibus</span> <span class='ocrx_word' id='word_1_111' title='bbox 406 1322 565 1390; x_wconf 84' lang='lat' dir='ltr'>videretur,</span> <span class='ocrx_word' id='word_1_112' title='bbox 576 1323 773 1382; x_wconf 81' lang='lat' dir='ltr'>revocandam</span> <span class='ocrx_word' id='word_1_113' title='bbox 792 1325 1071 1414; x_wconf 80' lang='lat' dir='ltr'>componendasque</span> 
     </span>
    </p>
   </div>
   <div class='ocr_carea' id='block_1_8' title="bbox 96 1399 1077 1714">
    <p class='ocr_par' dir='ltr' id='par_1_9' title="bbox 96 1399 1077 1714">
     <span class='ocr_line' id='line_1_17' title="bbox 97 1399 1074 1480; baseline -0.001 -18"><span class='ocrx_word' id='word_1_114' title='bbox 97 1422 155 1478; x_wconf 76' lang='lat' dir='ltr'>pes,</span> <span class='ocrx_word' id='word_1_115' title='bbox 172 1401 348 1462; x_wconf 84' lang='lat' dir='ltr'>decemviris</span> <span class='ocrx_word' id='word_1_116' title='bbox 356 1419 478 1480; x_wconf 86' lang='lat' dir='ltr'>quoque</span> <span class='ocrx_word' id='word_1_117' title='bbox 492 1403 528 1458; x_wconf 89' lang='lat' dir='ltr'>ab</span> <span class='ocrx_word' id='word_1_118' title='bbox 550 1399 594 1458; x_wconf 83' lang='lat' dir='ltr'>ira</span> <span class='ocrx_word' id='word_1_119' title='bbox 616 1405 647 1458; x_wconf 86' lang='lat' dir='ltr'>et</span> <span class='ocrx_word' id='word_1_120' title='bbox 660 1399 770 1479; x_wconf 91' lang='lat' dir='ltr'>impetu</span> <span class='ocrx_word' id='word_1_121' title='bbox 784 1401 984 1460; x_wconf 81' lang='lat' dir='ltr'>multitudinis</span> <span class='ocrx_word' id='word_1_122' title='bbox 998 1421 1074 1480; x_wconf 82' lang='lat' dir='ltr'>prae·</span> 
     </span>
     <span class='ocr_line' id='line_1_18' title="bbox 99 1475 1077 1558; baseline -0.001 -19"><span class='ocrx_word' id='word_1_123' title='bbox 99 1499 203 1540; x_wconf 84' lang='lat' dir='ltr'>cavere</span> <span class='ocrx_word' id='word_1_124' title='bbox 219 1481 369 1558; x_wconf 85' lang='lat' dir='ltr'>jubentur.</span> <span class='ocrx_word' id='word_1_125' title='bbox 409 1477 539 1537; x_wconf 81' lang='lat' dir='ltr'>Profecti</span> <span class='ocrx_word' id='word_1_126' title='bbox 559 1475 666 1556; x_wconf 82' lang='lat' dir='ltr'>gaudio</span> <span class='ocrx_word' id='word_1_127' title='bbox 689 1475 910 1558; x_wconf 83' lang='lat' dir='ltr'>ingentiplebis</span> <span class='ocrx_word' id='word_1_128' title='bbox 934 1477 964 1536; x_wconf 93' lang='lat' dir='ltr'>in</span> <span class='ocrx_word' id='word_1_129' title='bbox 979 1486 1077 1548; x_wconf 81' lang='lat' dir='ltr'>castro</span> 
     </span>
     <span class='ocr_line' id='line_1_19' title="bbox 99 1553 1072 1636; baseline 0.002 -20"><span class='ocrx_word' id='word_1_130' title='bbox 99 1555 302 1636; x_wconf 88' lang='lat' dir='ltr'>accipiuntur;</span> <span class='ocrx_word' id='word_1_131' title='bbox 322 1555 431 1634; x_wconf 85' lang='lat' dir='ltr'>quippe</span> <span class='ocrx_word' id='word_1_132' title='bbox 445 1555 615 1614; x_wconf 84' lang='lat' dir='ltr'>liberatores</span> <span class='ocrx_word' id='word_1_133' title='bbox 629 1553 706 1614; x_wconf 88' lang='lat' dir='ltr'>baud</span> <span class='ocrx_word' id='word_1_134' title='bbox 730 1555 826 1624; x_wconf 67' lang='lat' dir='ltr'>dubie,</span> <span class='ocrx_word' id='word_1_135' title='bbox 850 1563 880 1616; x_wconf 86' lang='lat' dir='ltr'>et</span> <span class='ocrx_word' id='word_1_136' title='bbox 905 1561 1004 1615; x_wconf 74' lang='lat' dir='ltr'>mettis</span> <span class='ocrx_word' id='word_1_137' title='bbox 1016 1557 1072 1618; x_wconf 85' lang='lat' dir='ltr'>ini·</span> 
     </span>
     <span class='ocr_line' id='line_1_20' title="bbox 96 1631 1073 1714; baseline 0.002 -20"><span class='ocrx_word' id='word_1_138' title='bbox 96 1636 151 1706; x_wconf 84' lang='lat' dir='ltr'>tio,</span> <span class='ocrx_word' id='word_1_139' title='bbox 165 1637 199 1694; x_wconf 88' lang='lat' dir='ltr'>et</span> <span class='ocrx_word' id='word_1_140' title='bbox 208 1635 286 1694; x_wconf 80' lang='lat' dir='ltr'>exitu</span> <span class='ocrx_word' id='word_1_141' title='bbox 300 1637 351 1694; x_wconf 89' lang='lat' dir='ltr'>rei.</span> <span class='ocrx_word' id='word_1_142' title='bbox 390 1635 434 1694; x_wconf 90' lang='lat' dir='ltr'>Ob</span> <span class='ocrx_word' id='word_1_143' title='bbox 446 1633 511 1695; x_wconf 57' lang='lat' dir='ltr'>aa,</span> <span class='ocrx_word' id='word_1_144' title='bbox 526 1631 756 1693; x_wconf 48' lang='lat' dir='ltr'>advenientibus*</span> <span class='ocrx_word' id='word_1_145' title='bbox 766 1634 871 1714; x_wconf 68' lang='lat' dir='ltr'>gratiae</span> <span class='ocrx_word' id='word_1_146' title='bbox 881 1642 967 1694; x_wconf 88' lang='lat' dir='ltr'>actae.</span> <span class='ocrx_word' id='word_1_147' title='bbox 1015 1635 1073 1696; x_wconf 79' lang='lat' dir='ltr'>lei·</span> 
     </span>
    </p>
   </div>
   <div class='ocr_carea' id='block_1_9' title="bbox 98 1710 1176 1792">
    <p class='ocr_par' dir='ltr' id='par_1_10' title="bbox 98 1710 1176 1792">
     <span class='ocr_line' id='line_1_21' title="bbox 98 1710 1176 1792; baseline -0.001 -20"><span class='ocrx_word' id='word_1_148' title='bbox 98 1713 157 1772; x_wconf 89' lang='lat' dir='ltr'>lius</span> <span class='ocrx_word' id='word_1_149' title='bbox 178 1731 231 1792; x_wconf 85' lang='lat' dir='ltr'>pro</span> <span class='ocrx_word' id='word_1_150' title='bbox 244 1712 434 1772; x_wconf 87' lang='lat' dir='ltr'>multitudine</span> <span class='ocrx_word' id='word_1_151' title='bbox 446 1713 535 1770; x_wconf 74' lang='lat' dir='ltr'>verba</span> <span class='ocrx_word' id='word_1_152' title='bbox 547 1710 628 1769; x_wconf 83' lang='lat' dir='ltr'>facit.</span> <span class='ocrx_word' id='word_1_153' title='bbox 669 1711 761 1781; x_wconf 85' lang='lat' dir='ltr'>Idem,</span> <span class='ocrx_word' id='word_1_154' title='bbox 774 1732 863 1790; x_wconf 90' lang='lat' dir='ltr'>quum</span> <span class='ocrx_word' id='word_1_155' title='bbox 878 1713 916 1772; x_wconf 86' lang='lat' dir='ltr'>de</span> <span class='ocrx_word' id='word_1_156' title='bbox 930 1711 1073 1772; x_wconf 86' lang='lat' dir='ltr'>conditio-</span> <span class='ocrx_word' id='word_1_157' title='bbox 1172 1737 1176 1750; x_wconf 91' lang='lat'><strong>·</strong></span> 
     </span>
    </p>
   </div>
   <div class='ocr_carea' id='block_1_10' title="bbox 98 1788 1067 1870">
    <p class='ocr_par' dir='ltr' id='par_1_11' title="bbox 98 1788 1067 1870">
     <span class='ocr_line' id='line_1_22' title="bbox 98 1788 1067 1870; baseline 0.001 -20"><span class='ocrx_word' id='word_1_158' title='bbox 98 1791 183 1850; x_wconf 89' lang='lat' dir='ltr'>nibus</span> <span class='ocrx_word' id='word_1_159' title='bbox 196 1795 341 1869; x_wconf 82' lang='lat' dir='ltr'>ageretur,</span> <span class='ocrx_word' id='word_1_160' title='bbox 362 1789 563 1870; x_wconf 83' lang='lat' dir='ltr'>quaerentibus</span> <span class='ocrx_word' id='word_1_161' title='bbox 583 1788 697 1866; x_wconf 81' lang='lat' dir='ltr'>legatis,</span> <span class='ocrx_word' id='word_1_162' title='bbox 719 1801 787 1868; x_wconf 89' lang='lat' dir='ltr'>quae</span> <span class='ocrx_word' id='word_1_163' title='bbox 801 1791 949 1870; x_wconf 85' lang='lat' dir='ltr'>postulata</span> <span class='ocrx_word' id='word_1_164' title='bbox 973 1789 1067 1868; x_wconf 84' lang='lat' dir='ltr'>plebis</span> 
     </span>
    </p>
   </div>
   <div class='ocr_carea' id='block_1_11' title="bbox 16 1865 1075 1949">
    <p class='ocr_par' dir='ltr' id='par_1_12' title="bbox 16 1865 1075 1949">
     <span class='ocr_line' id='line_1_23' title="bbox 16 1865 1075 1949; baseline 0 -20"><span class='ocrx_word' id='word_1_165' title='bbox 16 1877 17 1890; x_wconf 63' lang='lat'>¹</span> <span class='ocrx_word' id='word_1_166' title='bbox 94 1875 208 1938; x_wconf 81' lang='lat' dir='ltr'>essem,</span> <span class='ocrx_word' id='word_1_167' title='bbox 222 1869 383 1948; x_wconf 90' lang='lat' dir='ltr'>composito</span> <span class='ocrx_word' id='word_1_168' title='bbox 399 1871 462 1949; x_wconf 87' lang='lat' dir='ltr'>jam</span> <span class='ocrx_word' id='word_1_169' title='bbox 484 1873 553 1926; x_wconf 83' lang='lat' dir='ltr'>ante</span> <span class='ocrx_word' id='word_1_170' title='bbox 574 1865 732 1928; x_wconf 62' lang='lat' dir='ltr'>maenium</span> <span class='ocrx_word' id='word_1_171' title='bbox 757 1869 918 1942; x_wconf 62' lang='lat' dir='ltr'>legatorum</span> <span class='ocrx_word' id='word_1_172' title='bbox 943 1867 1075 1928; x_wconf 76' lang='lat' dir='ltr'>consilio·</span> 
     </span>
    </p>
   </div>
   <div class='ocr_carea' id='block_1_12' title="bbox 94 1945 1137 2730">
    <p class='ocr_par' dir='ltr' id='par_1_13' title="bbox 94 1945 1137 2730">
     <span class='ocr_line' id='line_1_24' title="bbox 98 1945 1073 2037; baseline -0.002 -29"><span class='ocrx_word' id='word_1_173' title='bbox 98 1967 135 2008; x_wconf 79' lang='lat' dir='ltr'>ea</span> <span class='ocrx_word' id='word_1_174' title='bbox 148 1945 319 2027; x_wconf 83' lang='lat' dir='ltr'>postulavit,</span> <span class='ocrx_word' id='word_1_175' title='bbox 344 1953 379 2006; x_wconf 91' lang='lat' dir='ltr'>ut</span> <span class='ocrx_word' id='word_1_176' title='bbox 391 1949 554 2027; x_wconf 83' lang='lat' dir='ltr'>appareret,</span> <span class='ocrx_word' id='word_1_177' title='bbox 566 1945 597 2004; x_wconf 90' lang='lat' dir='ltr'>in</span> <span class='ocrx_word' id='word_1_178' title='bbox 619 1945 759 2022; x_wconf 79' lang='lat' dir='ltr'>aequitat&#39;e</span> <span class='ocrx_word' id='word_1_179' title='bbox 783 1967 882 2008; x_wconf 88' lang='lat' dir='ltr'>rerum</span> <span class='ocrx_word' id='word_1_180' title='bbox 896 1946 970 2037; x_wconf 80' lang='lat' dir='ltr'>plns,</span> <span class='ocrx_word' id='word_1_181' title='bbox 982 1947 1073 2026; x_wconf 66' lang='lat' dir='ltr'>quim</span> 
     </span>
     <span class='ocr_line' id='line_1_25' title="bbox 99 2024 1075 2106; baseline 0.002 -22"><span class='ocrx_word' id='word_1_182' title='bbox 99 2025 129 2084; x_wconf 87' lang='lat' dir='ltr'>in</span> <span class='ocrx_word' id='word_1_183' title='bbox 143 2025 248 2094; x_wconf 88' lang='lat' dir='ltr'>armis,</span> <span class='ocrx_word' id='word_1_184' title='bbox 266 2025 369 2105; x_wconf 91' lang='lat' dir='ltr'>reponi</span> <span class='ocrx_word' id='word_1_185' title='bbox 383 2025 455 2104; x_wconf 88' lang='lat' dir='ltr'>spei.</span> <span class='ocrx_word' id='word_1_186' title='bbox 496 2024 678 2094; x_wconf 85' lang='lat' dir='ltr'>Potestatem</span> <span class='ocrx_word' id='word_1_187' title='bbox 702 2025 779 2085; x_wconf 90' lang='lat' dir='ltr'>enim</span> <span class='ocrx_word' id='word_1_188' title='bbox 794 2024 992 2096; x_wconf 77' lang='lat' dir='ltr'>tribuniciam,</span> <span class='ocrx_word' id='word_1_189' title='bbox 1010 2045 1075 2106; x_wconf 90' lang='lat' dir='ltr'>pro·</span> 
     </span>
     <span class='ocr_line' id='line_1_26' title="bbox 97 2101 1074 2183; baseline 0.002 -21"><span class='ocrx_word' id='word_1_190' title='bbox 97 2104 340 2180; x_wconf 73' lang='lat' dir='ltr'>vocationemque</span> <span class='ocrx_word' id='word_1_191' title='bbox 367 2103 548 2183; x_wconf 87' lang='lat' dir='ltr'>repetebant,</span> <span class='ocrx_word' id='word_1_192' title='bbox 565 2121 637 2180; x_wconf 78' lang='lat' dir='ltr'>qiiae</span> <span class='ocrx_word' id='word_1_193' title='bbox 662 2108 731 2162; x_wconf 86' lang='lat' dir='ltr'>ante</span> <span class='ocrx_word' id='word_1_194' title='bbox 754 2101 935 2172; x_wconf 76' lang='lat' dir='ltr'>decemviros</span> <span class='ocrx_word' id='word_1_195' title='bbox 960 2111 1074 2164; x_wconf 85' lang='lat' dir='ltr'>creatos</span> 
     </span>
     <span class='ocr_line' id='line_1_27' title="bbox 94 2180 1077 2258; baseline 0.002 -18"><span class='ocrx_word' id='word_1_196' title='bbox 94 2180 208 2248; x_wconf 44' lang='lat' dir='ltr'>‘auxilia</span> <span class='ocrx_word' id='word_1_197' title='bbox 222 2180 315 2258; x_wconf 89' lang='lat' dir='ltr'>plebis</span> <span class='ocrx_word' id='word_1_198' title='bbox 339 2181 466 2249; x_wconf 83' lang='lat' dir='ltr'>fuerant,</span> <span class='ocrx_word' id='word_1_199' title='bbox 479 2186 510 2238; x_wconf 89' lang='lat' dir='ltr'>et</span> <span class='ocrx_word' id='word_1_200' title='bbox 522 2191 560 2238; x_wconf 89' lang='lat' dir='ltr'>ne</span> <span class='ocrx_word' id='word_1_201' title='bbox 571 2180 619 2239; x_wconf 88' lang='lat' dir='ltr'>cui</span> <span class='ocrx_word' id='word_1_202' title='bbox 632 2180 730 2240; x_wconf 83' lang='lat' dir='ltr'>irauili</span> <span class='ocrx_word' id='word_1_203' title='bbox 743 2189 831 2252; x_wconf 86' lang='lat' dir='ltr'>esset,</span> <span class='ocrx_word' id='word_1_204' title='bbox 853 2185 986 2240; x_wconf 88' lang='lat' dir='ltr'>concisse</span> <span class='ocrx_word' id='word_1_205' title='bbox 1001 2183 1077 2242; x_wconf 81' lang='lat' dir='ltr'>mili-</span> 
     </span>
     <span class='ocr_line' id='line_1_28' title="bbox 98 2257 1075 2337; baseline 0.002 -19"><span class='ocrx_word' id='word_1_206' title='bbox 98 2264 146 2318; x_wconf 84' lang='lat' dir='ltr'>tes</span> <span class='ocrx_word' id='word_1_207' title='bbox 160 2257 212 2316; x_wconf 85' lang='lat' dir='ltr'>aut</span> <span class='ocrx_word' id='word_1_208' title='bbox 225 2257 338 2337; x_wconf 91' lang='lat' dir='ltr'>plebem</span> <span class='ocrx_word' id='word_1_209' title='bbox 352 2259 389 2316; x_wconf 90' lang='lat' dir='ltr'>ad</span> <span class='ocrx_word' id='word_1_210' title='bbox 405 2257 594 2337; x_wconf 85' lang='lat' dir='ltr'>repetendam</span> <span class='ocrx_word' id='word_1_211' title='bbox 618 2277 670 2336; x_wconf 84' lang='lat' dir='ltr'>per</span> <span class='ocrx_word' id='word_1_212' title='bbox 689 2259 885 2318; x_wconf 82' lang='lat' dir='ltr'>secessionem</span> <span class='ocrx_word' id='word_1_213' title='bbox 897 2257 1075 2320; x_wconf 71' lang='lat' dir='ltr'>libertatem.</span> 
     </span>
     <span class='ocr_line' id='line_1_29' title="bbox 97 2334 1075 2416; baseline -0.001 -20"><span class='ocrx_word' id='word_1_214' title='bbox 97 2337 146 2396; x_wconf 85' lang='lat' dir='ltr'>De</span> <span class='ocrx_word' id='word_1_215' title='bbox 166 2337 407 2398; x_wconf 63' lang='lat' dir='ltr'>‚decemvirorum</span> <span class='ocrx_word' id='word_1_216' title='bbox 422 2334 509 2396; x_wconf 79' lang='lat' dir='ltr'>monn</span> <span class='ocrx_word' id='word_1_217' title='bbox 523 2335 667 2414; x_wconf 90' lang='lat' dir='ltr'>supplicio</span> <span class='ocrx_word' id='word_1_218' title='bbox 680 2344 764 2396; x_wconf 84' lang='lat' dir='ltr'>atrox</span> <span class='ocrx_word' id='word_1_219' title='bbox 778 2337 956 2416; x_wconf 83' lang='lat' dir='ltr'>postulatum</span> <span class='ocrx_word' id='word_1_220' title='bbox 970 2335 1075 2403; x_wconf 56' lang='lat' dir='ltr'>initi-</span> 
     </span>
     <span class='ocr_line' id='line_1_30' title="bbox 99 2405 1076 2495; baseline 0.001 -21"><span class='ocrx_word' id='word_1_221' title='bbox 99 2414 307 2494; x_wconf 79' lang='lat' dir='ltr'>Dedi-quippe,</span> <span class='ocrx_word' id='word_1_222' title='bbox 322 2435 372 2475; x_wconf 90' lang='lat' dir='ltr'>eos</span> <span class='ocrx_word' id='word_1_223' title='bbox 395 2433 511 2493; x_wconf 75' lang='lat' dir='ltr'>aequum</span> <span class='ocrx_word' id='word_1_224' title='bbox 532 2413 699 2483; x_wconf 86' lang='lat' dir='ltr'>censebant,</span> <span class='ocrx_word' id='word_1_225' title='bbox 715 2405 861 2494; x_wconf 70' lang='lat' dir='ltr'>&#39;ii&#39;vosque</span> <span class='ocrx_word' id='word_1_226' title='bbox 882 2414 1076 2495; x_wconf 82' lang='lat' dir='ltr'>igni-concre-</span> 
     </span>
     <span class='ocr_line' id='line_1_31' title="bbox 96 2491 1077 2571; baseline 0 -17"><span class='ocrx_word' id='word_1_227' title='bbox 96 2500 229 2560; x_wconf 73' lang='lat' dir='ltr'>maturos</span> <span class='ocrx_word' id='word_1_228' title='bbox 256 2493 453 2554; x_wconf 86' lang='lat' dir='ltr'>minabantur.</span> <span class='ocrx_word' id='word_1_229' title='bbox 494 2491 599 2571; x_wconf 81' lang='lat' dir='ltr'>Legati</span> <span class='ocrx_word' id='word_1_230' title='bbox 623 2492 660 2550; x_wconf 86' lang='lat' dir='ltr'>ad</span> <span class='ocrx_word' id='word_1_231' title='bbox 682 2511 735 2564; x_wconf 82' lang='lat' dir='ltr'>ea3</span> <span class='ocrx_word' id='word_1_232' title='bbox 757 2494 860 2566; x_wconf 71' lang='lat' dir='ltr'>“Qirae</span> <span class='ocrx_word' id='word_1_233' title='bbox 884 2493 999 2552; x_wconf 87' lang='lat' dir='ltr'>consilii</span> <span class='ocrx_word' id='word_1_234' title='bbox 1014 2492 1077 2554; x_wconf 67' lang='lat' dir='ltr'>fiio</span> 
     </span>
     <span class='ocr_line' id='line_1_32' title="bbox 95 2570 1137 2652; baseline 0.001 -20"><span class='ocrx_word' id='word_1_235' title='bbox 95 2580 176 2642; x_wconf 88' lang='lat' dir='ltr'>runt,</span> <span class='ocrx_word' id='word_1_236' title='bbox 188 2572 265 2642; x_wconf 73' lang='lat' dir='ltr'>adab</span> <span class='ocrx_word' id='word_1_237' title='bbox 281 2592 367 2652; x_wconf 87' lang='lat' dir='ltr'>aequa</span> <span class='ocrx_word' id='word_1_238' title='bbox 381 2570 567 2651; x_wconf 78' lang='lat' dir='ltr'>postulastis,</span> <span class='ocrx_word' id='word_1_239' title='bbox 587 2575 625 2628; x_wconf 87' lang='lat' dir='ltr'>ut</span> <span class='ocrx_word' id='word_1_240' title='bbox 646 2571 723 2630; x_wconf 86' lang='lat' dir='ltr'>ultro</span> <span class='ocrx_word' id='word_1_241' title='bbox 743 2572 824 2632; x_wconf 80' lang='lat' dir='ltr'>vobis</span> <span class='ocrx_word' id='word_1_242' title='bbox 838 2571 999 2632; x_wconf 79' lang='lat' dir='ltr'>deferentia</span> <span class='ocrx_word' id='word_1_243' title='bbox 1012 2571 1075 2632; x_wconf 71' lang='lat' dir='ltr'>suo</span> <span class='ocrx_word' id='word_1_244' title='bbox 1136 2635 1137 2640; x_wconf 62' lang='grc'>,</span> 
     </span>
     <span class='ocr_line' id='line_1_33' title="bbox 97 2647 1073 2730; baseline 0.002 -20"><span class='ocrx_word' id='word_1_245' title='bbox 97 2651 174 2710; x_wconf 84' lang='lat' dir='ltr'>rint:</span> <span class='ocrx_word' id='word_1_246' title='bbox 195 2651 324 2714; x_wconf 75' lang='lat' dir='ltr'>libertati</span> <span class='ocrx_word' id='word_1_247' title='bbox 349 2652 427 2711; x_wconf 88' lang='lat' dir='ltr'>enini</span> <span class='ocrx_word' id='word_1_248' title='bbox 445 2667 484 2708; x_wconf 90' lang='lat' dir='ltr'>-ea</span> <span class='ocrx_word' id='word_1_249' title='bbox 510 2647 650 2728; x_wconf 84' lang='lat' dir='ltr'>praesidia</span> <span class='ocrx_word' id='word_1_250' title='bbox 673 2649 784 2730; x_wconf 85' lang='lat' dir='ltr'>petitis,</span> <span class='ocrx_word' id='word_1_251' title='bbox 806 2670 865 2709; x_wconf 88' lang='lat' dir='ltr'>iion</span> <span class='ocrx_word' id='word_1_252' title='bbox 890 2649 1021 2712; x_wconf 84' lang='lat' dir='ltr'>licentiae</span> <span class='ocrx_word' id='word_1_253' title='bbox 1035 2653 1073 2712; x_wconf 84' lang='lat' dir='ltr'>ad</span> 
     </span>
    </p>
   </div>
   <div class='ocr_carea' id='block_1_13' title="bbox 22 2725 1178 3036">
    <p class='ocr_par' dir='ltr' id='par_1_14' title="bbox 79 2725 1077 2808">
     <span class='ocr_line' id='line_1_34' title="bbox 79 2725 1077 2808; baseline 0.002 -24"><span class='ocrx_word' id='word_1_254' title='bbox 79 2729 137 2788; x_wconf 78' lang='lat' dir='ltr'>,im</span> <span class='ocrx_word' id='word_1_255' title='bbox 159 2725 313 2808; x_wconf 69' lang='lat' dir='ltr'>ugnandos</span> <span class='ocrx_word' id='word_1_256' title='bbox 327 2729 409 2790; x_wconf 88' lang='lat' dir='ltr'>alios.</span> <span class='ocrx_word' id='word_1_257' title='bbox 450 2727 507 2785; x_wconf 87' lang='lat' dir='ltr'>lrae</span> <span class='ocrx_word' id='word_1_258' title='bbox 522 2732 629 2786; x_wconf 82' lang='lat' dir='ltr'>vestrae</span> <span class='ocrx_word' id='word_1_259' title='bbox 643 2729 738 2800; x_wconf 70' lang='lat' dir='ltr'>inagis</span> <span class='ocrx_word' id='word_1_260' title='bbox 751 2728 973 2806; x_wconf 83' lang='lat' dir='ltr'>ignoscendum,</span> <span class='ocrx_word' id='word_1_261' title='bbox 985 2730 1077 2806; x_wconf 76' lang='lat' dir='ltr'>quatra</span> 
     </span>
    </p>

    <p class='ocr_par' dir='ltr' id='par_1_15' title="bbox 22 2750 1178 3036">
     <span class='ocr_line' id='line_1_35' title="bbox 22 2750 1078 2902; baseline -0.001 -36"><span class='ocrx_word' id='word_1_262' title='bbox 22 2849 24 2856; x_wconf 42' lang='grc' dir='ltr'><strong><em>ι</em></strong></span> <span class='ocrx_word' id='word_1_263' title='bbox 96 2750 314 2885; x_wconf 76' lang='lat' dir='ltr'>iminlgendum</span> <span class='ocrx_word' id='word_1_264' title='bbox 328 2811 391 2875; x_wconf 80' lang='lat' dir='ltr'>est3</span> <span class='ocrx_word' id='word_1_265' title='bbox 411 2803 521 2884; x_wconf 89' lang='lat' dir='ltr'>quippe</span> <span class='ocrx_word' id='word_1_266' title='bbox 534 2800 584 2902; x_wconf 86' lang='lat' dir='ltr'>qui</span> <span class='ocrx_word' id='word_1_267' title='bbox 595 2803 783 2872; x_wconf 78' lang='lat' dir='ltr'>‚crudelitatis</span> <span class='ocrx_word' id='word_1_268' title='bbox 796 2804 865 2862; x_wconf 85' lang='lat' dir='ltr'>odio</span> <span class='ocrx_word' id='word_1_269' title='bbox 875 2805 906 2866; x_wconf 60' lang='lat' dir='ltr'>,in</span> <span class='ocrx_word' id='word_1_270' title='bbox 917 2806 1078 2866; x_wconf 84' lang='lat' dir='ltr'>crudelita-</span> 
     </span>
     <span class='ocr_line' id='line_1_36' title="bbox 54 2881 1075 2964; baseline 0 -21"><span class='ocrx_word' id='word_1_271' title='bbox 54 2941 59 2956; x_wconf 71' lang='grc'><em>,</em></span> <span class='ocrx_word' id='word_1_272' title='bbox 96 2891 159 2946; x_wconf 85' lang='lat' dir='ltr'>tem</span> <span class='ocrx_word' id='word_1_273' title='bbox 171 2883 265 2952; x_wconf 89' lang='lat' dir='ltr'>ruitis,</span> <span class='ocrx_word' id='word_1_274' title='bbox 278 2889 308 2944; x_wconf 85' lang='lat' dir='ltr'>et</span> <span class='ocrx_word' id='word_1_275' title='bbox 320 2883 401 2964; x_wconf 76' lang='lat' dir='ltr'>priuis</span> <span class='ocrx_word' id='word_1_276' title='bbox 414 2881 490 2963; x_wconf 70' lang='lat' dir='ltr'>pene</span> <span class='ocrx_word' id='word_1_277' title='bbox 500 2901 591 2960; x_wconf 85' lang='lat' dir='ltr'>quam</span> <span class='ocrx_word' id='word_1_278' title='bbox 603 2881 659 2958; x_wconf 87' lang='lat' dir='ltr'>ipsi</span> <span class='ocrx_word' id='word_1_279' title='bbox 671 2881 756 2941; x_wconf 90' lang='lat' dir='ltr'>liberi</span> <span class='ocrx_word' id='word_1_280' title='bbox 771 2881 841 2950; x_wconf 88' lang='lat' dir='ltr'>suis,</span> <span class='ocrx_word' id='word_1_281' title='bbox 854 2881 997 2942; x_wconf 87' lang='lat' dir='ltr'>ilominaii</span> <span class='ocrx_word' id='word_1_282' title='bbox 1011 2885 1075 2962; x_wconf 88' lang='lat' dir='ltr'>jain</span> 
     </span>
     <span class='ocr_line' id='line_1_37' title="bbox 97 2958 1178 3036; baseline 0 -14"><span class='ocrx_word' id='word_1_283' title='bbox 97 2962 130 3022; x_wconf 87' lang='lat' dir='ltr'>iii</span> <span class='ocrx_word' id='word_1_284' title='bbox 142 2962 326 3023; x_wconf 85' lang='lat' dir='ltr'>adversarios</span> <span class='ocrx_word' id='word_1_285' title='bbox 344 2961 443 3020; x_wconf 90' lang='lat' dir='ltr'>vultis.</span> <span class='ocrx_word' id='word_1_286' title='bbox 480 2959 684 3036; x_wconf 77' lang='lat' dir='ltr'>Nunquamne</span> <span class='ocrx_word' id='word_1_287' title='bbox 705 2958 839 3036; x_wconf 84' lang='lat' dir='ltr'>quiescet</span> <span class='ocrx_word' id='word_1_288' title='bbox 852 2958 956 3019; x_wconf 87' lang='lat' dir='ltr'>civitas</span> <span class='ocrx_word' id='word_1_289' title='bbox 974 2968 1077 3022; x_wconf 78' lang='lat' dir='ltr'>nostra</span> <span class='ocrx_word' id='word_1_290' title='bbox 1177 3001 1178 3004; x_wconf 59' lang='lat'><em>=</em></span> 
     </span>
    </p>
   </div>
   <div class='ocr_carea' id='block_1_14' title="bbox 16 3036 1076 3119">
    <p class='ocr_par' dir='ltr' id='par_1_16' title="bbox 16 3036 1076 3119">
     <span class='ocr_line' id='line_1_38' title="bbox 16 3036 1076 3119; baseline 0.003 -21"><span class='ocrx_word' id='word_1_291' title='bbox 16 3049 18 3108; x_wconf 71' lang='grc' dir='ltr'>ἶ</span> <span class='ocrx_word' id='word_1_292' title='bbox 100 3039 117 3098; x_wconf 78' lang='lat' dir='ltr'>al</span> <span class='ocrx_word' id='word_1_293' title='bbox 131 3039 295 3119; x_wconf 85' lang='lat' dir='ltr'>suppliciis,</span> <span class='ocrx_word' id='word_1_294' title='bbox 305 3045 356 3098; x_wconf 89' lang='lat' dir='ltr'>aut</span> <span class='ocrx_word' id='word_1_295' title='bbox 371 3039 489 3101; x_wconf 65' lang='lat' dir='ltr'>[latrum</span> <span class='ocrx_word' id='word_1_296' title='bbox 504 3037 542 3096; x_wconf 88' lang='lat' dir='ltr'>-in</span> <span class='ocrx_word' id='word_1_297' title='bbox 556 3036 668 3115; x_wconf 87' lang='lat' dir='ltr'>plebem</span> <span class='ocrx_word' id='word_1_298' title='bbox 683 3037 856 3107; x_wconf 79' lang='lat' dir='ltr'>Romanam,</span> <span class='ocrx_word' id='word_1_299' title='bbox 869 3043 919 3096; x_wconf 89' lang='lat' dir='ltr'>aut</span> <span class='ocrx_word' id='word_1_300' title='bbox 932 3039 1027 3117; x_wconf 88' lang='lat' dir='ltr'>plebis</span> <span class='ocrx_word' id='word_1_301' title='bbox 1044 3040 1076 3102; x_wconf 86' lang='lat' dir='ltr'>iii</span> 
     </span>
    </p>
   </div>
   <div class='ocr_carea' id='block_1_15' title="bbox 99 3113 1071 3206">
    <p class='ocr_par' dir='ltr' id='par_1_17' title="bbox 99 3113 1071 3206">
     <span class='ocr_line' id='line_1_39' title="bbox 99 3113 1071 3206; baseline 0 -28"><span class='ocrx_word' id='word_1_302' title='bbox 99 3117 224 3180; x_wconf 82' lang='lat' dir='ltr'>Patres?</span> <span class='ocrx_word' id='word_1_303' title='bbox 245 3120 335 3176; x_wconf 77' lang='lat' dir='ltr'>Scuto</span> <span class='ocrx_word' id='word_1_304' title='bbox 349 3116 430 3175; x_wconf 86' lang='lat' dir='ltr'>vobis</span> <span class='ocrx_word' id='word_1_305' title='bbox 443 3115 545 3193; x_wconf 65' lang='lat' dir='ltr'>manis,</span> <span class='ocrx_word' id='word_1_306' title='bbox 569 3113 655 3192; x_wconf 63' lang='lat' dir='ltr'>qua-lm</span> <span class='ocrx_word' id='word_1_307' title='bbox 677 3113 785 3206; x_wconf 72' lang='lat' dir='ltr'>glaqio,</span> <span class='ocrx_word' id='word_1_308' title='bbox 802 3133 878 3194; x_wconf 90' lang='lat' dir='ltr'>opus</span> <span class='ocrx_word' id='word_1_309' title='bbox 899 3122 953 3181; x_wconf 88' lang='lat' dir='ltr'>est.</span> <span class='ocrx_word' id='word_1_310' title='bbox 993 3117 1071 3178; x_wconf 86' lang='lat' dir='ltr'>Satis</span> 
     </span>
    </p>
   </div>
   <div class='ocr_carea' id='block_1_16' title="bbox 16 3191 1076 3354">
    <p class='ocr_par' dir='ltr' id='par_1_18' title="bbox 16 3191 1076 3354">
     <span class='ocr_line' id='line_1_40' title="bbox 16 3191 1076 3278; baseline 0.003 -26"><span class='ocrx_word' id='word_1_311' title='bbox 16 3205 18 3252; x_wconf 66' lang='grc' dir='ltr'>ἑ</span> <span class='ocrx_word' id='word_1_312' title='bbox 92 3215 247 3278; x_wconf 80' lang='lat' dir='ltr'>,supeique</span> <span class='ocrx_word' id='word_1_313' title='bbox 260 3194 496 3272; x_wconf 88' lang='lat' dir='ltr'>humilisest,qui</span> <span class='ocrx_word' id='word_1_314' title='bbox 502 3195 569 3273; x_wconf 86' lang='lat' dir='ltr'>jure</span> <span class='ocrx_word' id='word_1_315' title='bbox 580 3209 705 3270; x_wconf 82' lang='lat' dir='ltr'>aequom</span> <span class='ocrx_word' id='word_1_316' title='bbox 717 3191 1076 3262; x_wconf 75' lang='lat' dir='ltr'>civitateuir&#39;it,neciufe·-</span> 
     </span>
     <span class='ocr_line' id='line_1_41' title="bbox 16 3270 1075 3354; baseline 0.001 -21"><span class='ocrx_word' id='word_1_317' title='bbox 16 3277 17 3326; x_wconf 80' lang='lat' dir='ltr'>l</span> <span class='ocrx_word' id='word_1_318' title='bbox 98 3276 192 3339; x_wconf 88' lang='lat' dir='ltr'>rendo</span> <span class='ocrx_word' id='word_1_319' title='bbox 204 3273 340 3354; x_wconf 87' lang='lat' dir='ltr'>injuriam</span> <span class='ocrx_word' id='word_1_320' title='bbox 355 3292 409 3334; x_wconf 86' lang='lat' dir='ltr'>nec</span> <span class='ocrx_word' id='word_1_321' title='bbox 420 3271 571 3352; x_wconf 86' lang='lat' dir='ltr'>patiendo.</span> <span class='ocrx_word' id='word_1_322' title='bbox 610 3271 718 3340; x_wconf 80' lang='lat' dir='ltr'>Etiam,</span> <span class='ocrx_word' id='word_1_323' title='bbox 731 3270 754 3329; x_wconf 91' lang='lat' dir='ltr'>si</span> <span class='ocrx_word' id='word_1_324' title='bbox 769 3271 887 3350; x_wconf 85' lang='lat' dir='ltr'>qnando</span> <span class='ocrx_word' id='word_1_325' title='bbox 900 3274 1075 3336; x_wconf 78' lang='lat' dir='ltr'>metuendos</span> 
     </span>
    </p>
   </div>
   <div class='ocr_carea' id='block_1_17' title="bbox 96 3343 1076 3433">
    <p class='ocr_par' dir='ltr' id='par_1_19' title="bbox 96 3343 1076 3433">
     <span class='ocr_line' id='line_1_42' title="bbox 96 3343 1076 3433; baseline -0.005 -21"><span class='ocrx_word' id='word_1_326' title='bbox 96 3367 151 3414; x_wconf 76' lang='lat' dir='ltr'>¹vos</span> <span class='ocrx_word' id='word_1_327' title='bbox 166 3348 318 3433; x_wconf 82' lang='lat' dir='ltr'>praebituri</span> <span class='ocrx_word' id='word_1_328' title='bbox 329 3351 409 3420; x_wconf 87' lang='lat' dir='ltr'>estis,</span> <span class='ocrx_word' id='word_1_329' title='bbox 421 3361 519 3430; x_wconf 87' lang='lat' dir='ltr'>quum,</span> <span class='ocrx_word' id='word_1_330' title='bbox 533 3349 713 3429; x_wconf 82' lang='lat' dir='ltr'>recuperatis</span> <span class='ocrx_word' id='word_1_331' title='bbox 724 3343 940 3428; x_wconf 79' lang='lat' dir='ltr'>magistratibus</span> <span class='ocrx_word' id='word_1_332' title='bbox 950 3344 1076 3427; x_wconf 74' lang='lat' dir='ltr'>legibue-</span> 
     </span>
    </p>
   </div>
   <div class='ocr_carea' id='block_1_18' title="bbox 16 3425 1077 3712">
    <p class='ocr_par' dir='ltr' id='par_1_20' title="bbox 16 3425 1077 3712">
     <span class='ocr_line' id='line_1_43' title="bbox 16 3425 1074 3510; baseline -0.001 -20"><span class='ocrx_word' id='word_1_333' title='bbox 16 3427 20 3500; x_wconf 65' lang='lat' dir='ltr'><em>J</em></span> <span class='ocrx_word' id='word_1_334' title='bbox 38 3433 42 3440; x_wconf 85' lang='lat'>&#39;</span> <span class='ocrx_word' id='word_1_335' title='bbox 92 3451 159 3510; x_wconf 87' lang='lat' dir='ltr'>-que</span> <span class='ocrx_word' id='word_1_336' title='bbox 172 3430 287 3499; x_wconf 83' lang='lat' dir='ltr'>vestiis,</span> <span class='ocrx_word' id='word_1_337' title='bbox 301 3429 415 3508; x_wconf 84' lang='lat' dir='ltr'>judicia</span> <span class='ocrx_word' id='word_1_338' title='bbox 429 3447 519 3508; x_wconf 87' lang='lat' dir='ltr'>penes</span> <span class='ocrx_word' id='word_1_339' title='bbox 532 3446 585 3486; x_wconf 84' lang='lat' dir='ltr'>vos</span> <span class='ocrx_word' id='word_1_340' title='bbox 608 3432 695 3488; x_wconf 86' lang='lat' dir='ltr'>erant</span> <span class='ocrx_word' id='word_1_341' title='bbox 708 3425 853 3507; x_wconf 87' lang='lat' dir='ltr'>decapite</span> <span class='ocrx_word' id='word_1_342' title='bbox 870 3432 972 3486; x_wconf 82' lang='lat' dir='ltr'>nostro</span> <span class='ocrx_word' id='word_1_343' title='bbox 983 3427 1074 3489; x_wconf 55' lang='lat' dir='ltr'>sortite</span> 
     </span>
     <span class='ocr_line' id='line_1_44' title="bbox 16 3503 1077 3588; baseline -0.005 -19"><span class='ocrx_word' id='word_1_344' title='bbox 16 3521 22 3545; x_wconf 85' lang='lat'>&#39;-</span> <span class='ocrx_word' id='word_1_345' title='bbox 95 3509 224 3586; x_wconf 84' lang='lat' dir='ltr'>.nisqne;</span> <span class='ocrx_word' id='word_1_346' title='bbox 242 3511 508 3588; x_wconf 69' lang='lat' dir='ltr'>tunq&#39;utqnaeqne</span> <span class='ocrx_word' id='word_1_347' title='bbox 529 3524 619 3568; x_wconf 77' lang='lat' dir='ltr'>causa</span> <span class='ocrx_word' id='word_1_348' title='bbox 639 3503 876 3584; x_wconf 23' lang='lat' dir='ltr'>etitvsmmetbp</span> <span class='ocrx_word' id='word_1_349' title='bbox 896 3521 975 3565; x_wconf 82' lang='lat' dir='ltr'>nunc</span> <span class='ocrx_word' id='word_1_350' title='bbox 988 3506 1077 3584; x_wconf 54' lang='lat' dir='ltr'>libere</span> 
     </span>
     <span class='ocr_line' id='line_1_45' title="bbox 20 3585 971 3712; baseline -0.002 -61"><span class='ocrx_word' id='word_1_351' title='bbox 20 3640 25 3661; x_wconf 84' lang='lat'>,</span> <span class='ocrx_word' id='word_1_352' title='bbox 96 3590 193 3706; x_wconf 76' lang='lat' dir='ltr'>tatem</span> <span class='ocrx_word' id='word_1_353' title='bbox 218 3585 312 3712; x_wconf 62' lang='lat' dir='ltr'>pppeti</span> <span class='ocrx_word' id='word_1_354' title='bbox 332 3586 486 3673; x_wconf 50' lang='lat' dir='ltr'>satisest?</span> <span class='ocrx_word' id='word_1_355' title='bbox 742 3657 745 3666; x_wconf 30' lang='grc' dir='ltr'>Ι</span> <span class='ocrx_word' id='word_1_356' title='bbox 967 3613 971 3619; x_wconf 89' lang='grc'>·</span> 
     </span>
    </p>
   </div>
   <div class='ocr_carea' id='block_1_19' title="bbox 584 3660 743 3728">
    <p class='ocr_par' dir='ltr' id='par_1_21' title="bbox 584 3660 743 3728">
     <span class='ocr_line' id='line_1_46' title="bbox 593 3660 601 3676; baseline 0 0"><span class='ocrx_word' id='word_1_357' title='bbox 593 3660 601 3676; x_wconf 71' lang='lat' dir='ltr'>r</span> 
     </span>
     <span class='ocr_line' id='line_1_47' title="bbox 584 3667 743 3728; baseline 0.006 -22"><span class='ocrx_word' id='word_1_358' title='bbox 584 3671 639 3728; x_wconf 42' lang='lat' dir='ltr'>(ist,</span> <span class='ocrx_word' id='word_1_359' title='bbox 654 3683 686 3716; x_wconf 51' lang='lat' dir='ltr'>pf</span> <span class='ocrx_word' id='word_1_360' title='bbox 699 3667 743 3707; x_wconf 48' lang='lat' dir='ltr'>Af</span> 
     </span>
    </p>
   </div>
   <div class='ocr_carea' id='block_1_20' title="bbox 298 3791 311 3822">
    <p class='ocr_par' dir='ltr' id='par_1_22' title="bbox 298 3791 311 3822">
     <span class='ocr_line' id='line_1_48' title="bbox 298 3791 311 3822; baseline 0 -10"><span class='ocrx_word' id='word_1_361' title='bbox 298 3791 311 3822; x_wconf 71' lang='grc' dir='ltr'>ι,</span> 
     </span>
    </p>
   </div>
   <div class='ocr_carea' id='block_1_21' title="bbox 0 0 1198 4120">
    <p class='ocr_par' dir='ltr' id='par_1_23' title="bbox 0 0 1198 4120">
     <span class='ocr_line' id='line_1_49' title="bbox 0 0 1198 4120; baseline 0 0"><span class='ocrx_word' id='word_1_362' title='bbox 0 0 1198 4120; x_wconf 95' lang='lat' dir='ltr'> </span> 
     </span>
    </p>
   </div>
  </div>
 </body>
</html>
