2384 4126
830 38 834 48 ι

96 218 156 280 eas
493 207 535 274 n.
555 205 672 274 trum
721 151 877 254 ’ΨΜ
894 179 913 214 ‘¹
938 121 1056 254 ζῇ

427 283 732 354 3'1'2‘18551
804 295 819 324 ··
853 304 866 330 t

94 373 207 436 tribuni
219 372 334 440 mliturn
343 367 376 430 in
388 371 475 452 plebe
486 324 620 432 Mmena
628 329 749 450 regnum
759 329 946 434 exercerent
983 365 1085 446 Quid-

97 473 167 514 nam
187 453 230 514 illi
244 451 380 512 consules
394 445 593 508 dictatoresve
607 446 715 508 factori
727 453 837 518 essent,
850 448 903 528 qui
912 467 1084 584 proconsu-

97 531 188 591 larem
199 529 355 610 imaginem
365 535 428 590 tam
442 531 726 614 Saejllllllsscjfloeffi
741 525 890 586 fecerint?
936 525 974 586 ed
988 527 1019 586 id
1029 547 1085 588 ac*

98 609 195 670 cidere
208 607 287 667 haud
308 605 471 677 immeritd;
493 625 553 664 non
567 599 657 663 luisse
672 623 709 664 ne
723 602 754 663 in
768 609 836 664 octo
851 602 976 682 quidem
990 605 1085 664 tribu-

100 685 146 746 nis
157 685 283 746 militum
298 684 394 743 locum
409 683 463 744 olli
477 682 600 774 plebeio.
643 685 743 742 Antea
756 681 835 742 trina
847 682 914 742 loca
929 702 996 742 cunr
1012 703 1086 742 con·

95 763 229 824 tentione
244 781 358 824 somma
382 763 522 844 patrinos
536 760 654 841 explere
668 759 789 831 solitos3
809 777 889 820 nunc
909 761 973 839 jam
997 767 1086 830 octo-

97 841 184 922 juges
197 841 236 902 ad
251 839 373 922 imperia
385 839 546 902 obtinenda
557 839 601 900 ire
609 861 617 910 ;
633 844 664 902 et
684 857 722 898 ne
736 837 767 898 in
788 839 875 898 turba
888 838 1009 917 quidem
1016 822 1086 900 dit·-

99 941 165 981 rere
180 919 326 1000 plebeium
349 937 438 998 quem
458 937 563 999 quem:
584 919 646 996 qui,
665 916 691 978 si
710 915 785 976 nibil
809 915 900 985 uliud,
921 917 1085 980 admoneat
1170 965 1172 972 ,

101 998 248 1080 collegam
269 999 385 1068 liberos,
395 1001 426 1058 et
439 997 519 1058 cives
532 1013 717 1076 eorumqnon
730 1010 844 1085 servos,
855 993 995 1066 militare,
1006 1017 1084 1088 quos

101 1076 197 1136 hieme
211 1078 318 1140 saltem
331 1077 362 1136 iu
380 1075 484 1136 domos
507 1095 542 1134 ac
556 1081 636 1134 tecta
649 1073 751 1134 reduci
765 1077 916 1152 oporteat:
938 1079 970 1135 et
981 1075 1087 1156 nquuo

1170 1039 1172 1126 l

101 1161 234 1232 tempore
248 1153 318 1214 anni
341 1160 478 1232 parentes
499 1153 665 1232 liberosque
685 1171 725 1210 ac
741 1154 880 1230 conjuges
897 1151 1039 1222 invisere,
1052 1161 1090 1214 et
1169 1171 1172 1200 l

101 1251 242 1367 usurpare
255 1231 430 1300 libertatem,
442 1237 474 1290 et
485 1251 585 1296 creare
596 1231 812 1322 magistratus?
851 1229 1088 1310 Haec‚taliaque
1171 1275 1172 1316 q

53 1327 58 1336 ¹
103 1308 169 1367 voci
182 1313 299 1368 erentes
325 1305 527 1370 adversarium
550 1307 633 1372 haud,
650 1324 793 1388 rmperem
818 1308 895 1368 nacti
922 1314 992 1368 sont
1010 1314 1087 1389 Ap.

102 1385 273 1460 Claodium,
299 1384 437 1446 relictum
465 1387 482 1446 d
508 1387 632 1468 collegis
657 1385 696 1447 ad
720 1386 888 1448 tribunicias
913 1385 1086 1448 seditiones

102 1464 355 1546 comprimendas;
377 1466 472 1525 virum
492 1465 637 1529 imbutum
652 1469 715 1546 jam
730 1466 766 1524 ab
775 1467 900 1543 juventa
912 1464 1086 1525 certamini-

100 1544 154 1604 bus
169 1541 309 1623 plebeiis:
330 1561 420 1622 quam
433 1549 584 1603 auctorem
598 1543 711 1622 aliquot
724 1541 810 1602 aunis
823 1539 893 1602 antd
907 1539 999 1602 luisse
1018 1558 1085 1602 me·
1171 1529 1172 1560 ¹

102 1628 247 1682 moratum
261 1627 320 1693 est,
335 1639 389 1702 per
399 1622 579 1703 collegarum
592 1620 844 1712 intercessionem,
852 1617 1021 1682 tribuniciee
1033 1633 1087 1700 po·-

98 1697 443 1761 testatisdissolvendae.
504 1727 613 1782 emim
652 1749 659 1767 ,
680 1713 693 1778 q·
745 1718 843 1772 ,,,·ῑ,
869 1719 915 1776 ἡι-
995 1721 1033 1753 ι»
1065 1725 1073 1767 J
1114 1741 1147 1761 k

143 1777 202 1841 Ill.
223 1777 254 1838 Is
272 1784 336 1842 tom
345 1780 418 1860 jem,
432 1799 491 1842 non
505 1785 609 1863 promp
624 1800 658 1841 us
678 1777 797 1842 invenio
819 1752 949 1850 teritum}
960 1745 1096 1840 seil'd'sii‘

101 1854 192 1920 etiam
205 1859 396 1930 exercitatus,
406 1860 497 1922 talem
508 1862 673 1920 orationem
682 1831 797 1920 habuit:
818 1858 877 1918 “Si
891 1858 1084 1942 unquamdu·

112 1937 237 1996 bitatum
250 1941 305 2006 est,
325 1935 464 2010 Quirites,
476 1938 578 2000 utrum
599 1938 708 2002 tribuni
726 1935 822 2016 plebis·
834 1939 944 2004 vestit,
967 1953 1006 1994 an
1018 1937 1085 2004 sua,

103 2021 194 2076 cause
208 2012 382 2074 seditionem
400 2036 517 2096 semper
540 2023 676 2076 auctores
688 2014 811 2084 fuerint,
822 2013 853 2074 id
868 2035 923 2094 ego
935 2011 991 2075 hoc
1004 2031 1083 2072 anno

100 2093 217 2154 desisse
241 2089 369 2152 dubitari
392 2099 507 2154 certum
531 2095 641 2164 hebe03
664 2103 696 2154 et
718 2111 810 2172 quum
837 2093 936 2163 l'aetor,
961 2093 1084 2152 tandem

89 2166 182 2252 longi
196 2169 302 2232 erroris
316 2169 397 2232 vobis
418 2171 509 2232 finem
531 2172 643 2232 lutum
667 2191 741 2240 esse,
762 2171 929 2252 tu1n‚qui›d
943 2169 1084 2230 secundis
1169 2189 1171 2208 2

101 2247 289 2329 potissimum
305 2249 409 2310 vestris
429 2251 516 2312 rebus
530 2250 579 2310 hic
593 2270 675 2310 error
683 2255 737 2310 est·
748 2249 892 2324 sublatus,
905 2255 937 2310 et
951 2248 1041 2317 robis,
1054 2253 1086 2308 et

121 2335 221 2407 ropter
232 2347 285 2386 vos
295 2325 467 2406 reipublicae
481 2329 620 2409 gratulor.
660 2330 708 2387 An
723 2330 771 2386 est
784 2327 950 2406 quisquam,
964 2327 1016 2406 qui
1028 2326 1082 2385 du·

99 2346 187 2475 ittet,
200 2403 289 2466 nullis
302 2403 417 2482 injuriis
432 2399 548 2478 restris,
561 2406 586 2466 si
605 2423 673 2483 quae
685 2402 762 2466 forte
780 2403 941 2488 aliquando
954 2403 1087 2474 fuerunt·

100 2501 231 2572 unquam
247 2479 340 2560 aequd,
353 2481 443 2560 qodm
457 2503 579 2542 monere
592 2481 714 2542 Petrum
727 2481 758 2540 in
772 2480 897 2558 plebem,
915 2502 1006 2560 quom
1025 2502 1086 2542 aera

100 2561 293 2620 militantibus
306 2560 467 2618 constituta
481 2565 562 2628 suut,
573 2558 706 2616 tribunos
716 2557 811 2634 piebis
825 2559 950 2616 offensos
963 2562 999 2616 ac
1012 2580 1086 2619 con-

90 2638 210 2714 citatos
223 2634 313 2696 esse?
331 2632 403 2712 quid
419 2635 484 2694 illos
498 2634 576 2693 aliud
593 2639 644 2692 aut
657 2641 721 2692 tum
735 2633 869 2694 timuisse
882 2633 1017 2703 creditis,
1030 2642 1087 2699 aut

101 2713 189 2774 bodie
202 2714 319 2774 turbare
333 2712 420 2782 velle,
433 2701 491 2772 dist
513 2710 701 2772 concordiam
713 2709 860 2781 ordinum,
873 2730 963 2792 quam
977 2712 1086 2772 dissol-

102 2793 209 2854 vendae
223 2787 349 2852 maxime
361 2791 529 2852 tribuniciae
545 2789 700 2870 potestatis
710 2793 814 2850 rentur
827 2788 916 2850 esse?
948 2787 1087 2858 Similes·-
1170 2839 1171 2846 ,

73 2905 77 2918 =
102 2872 180 2945 cule,
194 2879 336 2950 tanquam
349 2870 477 2946 artifices
490 2869 624 2956 improbi,
636 2887 710 2949 opus
723 2873 882 3006 quaeruntz
903 2866 955 2945 qui
966 2872 1081 2929 et'sem·
1170 2883 1171 2886 ’

104 2969 158 3030 per
180 2949 251 3032 ae'gn'
264 2948 376 3048 aliquid
396 2967 462 3010 esse
476 2949 507 3010 in
528 2947 679 3028 republica
692 2963 736 3006 'vo
750 2949 813 3018 unt,
831 2939 931 3017 nteit,
945 2945 983 3006 ad
998 2949 1080 3026 cujus

104 3028 294 3124 curptiouem
316 3049 334 3086 a
356 3027 436 3088 vobis
450 3027 653 3116 adlriebautur.
690 3025 801 3087 Utrdrn
823 3025 902 3086 enim
915 3023 1081 3115 defenditis,
1121 3039 1128 3058 *
1170 3025 1171 3040 ¹

56 3123 59 3128 ’
103 3109 150 3167 an'
161 3105 341 3185 impignatis
356 3103 492 3184 plebem?
510 3105 612 3166 utrium
626 3105 806 3168 miltantium
820 3102 981 3164 adversarii
1003 3105 1080 3175 estis,
1170 3135 1171 3170 4

102 3203 142 3244 an
155 3201 272 3244 causam
284 3182 396 3339 pppis?
416 3183 474 3244 nisi
488 3184 563 3244 fortd
577 3184 631 3244 hoc
646 3183 745 3244 dictis.
782 3180 959 3261 “Quicquid
975 3181 1076 3243 Patres
1170 3203 1171 3208 ¹

102 3262 200 3324 facian
236 3259 283 3320 dis

102 3344 158 3401 est.
200 3269 248 3414 dt,
260 3334 609 3420 quemadmodum-servis
619 3357 682 3398 sors
689 3343 792 3400 vetant
800 3338 911 3399 domim
922 3356 1077 3429 qumquem

19 3447 22 3452 ·
103 3419 148 3479 rei
169 3439 237 3478 cum
261 3414 365 3476 alienis
379 3415 542 3476 hominibus
557 3435 632 3486 esse,
652 3417 821 3498 pariterque
835 3416 876 3476 rin
899 3415 935 3474 iis
949 3415 1080 3475 benrticio

103 3515 139 3556 ac
154 3494 299 3556 maleficio
313 3493 452 3554 abstineri
476 3513 595 3585 aeqnum
616 3495 758 3564 c'ensent;
779 3495 822 3554 sic
844 3513 895 3553 vos
917 3491 1080 3554 interdictis

328 3265 376 3320 cet
385 3262 413 3328 3⁸⁹
433 3263 496 3322 sive
509 3261 585 3321 illud
599 3262 760 3351 proplebe,
773 3260 835 3320 sive
848 3265 952 3349 contra
964 3259 1079 3350 plebem

19 3601 20 3638 3
103 3573 241 3640 Patribus
261 3573 436 3634 commercio
450 3575 558 3653 pleb1s;
580 3593 618 3634 ne
631 3593 685 3634 nos
699 3571 837 3633 comitate
851 3591 886 3632 ac
911 3569 1079 3632 munifices·
1169 3609 1170 3614 κ

19 3653 21 3716 3
104 3650 150 3715 &a
162 3655 264 3717 nostrt
277 3661 468 3738 provocemus
480 3651 607 3738 plebem,
620 3671 676 3720 uec
689 3652 773 3735 plebs
797 3649 880 3725 nobb
904 3647 986 3714 dioto
999 3649 1077 3712 sudis
