2394 4138
65 231 105 290 cs
465 217 503 286 Τ.
525 219 640 286 mvn.
699 171 700 174 b

71 381 169 445 decim
183 381 311 444 millibus
332 380 397 442 lraec
406 381 515 442 classis
528 377 710 442 censebatur.
749 379 817 446 Hoc
830 381 926 444 minor
938 399 1044 446 census

72 460 214 540 reliquam
230 459 449 520 multitudinem
462 458 578 529 hebuit3
597 459 668 519 inde
684 479 743 520 une
757 461 892 520 centurie
904 461 982 521 facte
991 459 1061 534 ests

71 536 215 600 immunis
230 537 348 599 militis.
386 539 434 600 lte
453 536 585 616 pedestri
609 537 740 598 exercitu
761 545 866 608 ornqto
878 539 1048 608 distributo·

71 635 141 694 que.
153 614 285 694 equitum
299 635 335 676 ex
347 616 523 696 primoribus
535 613 665 676 civitatis
678 615 834 676 duodecim
848 617 967 698 scripsit
980 637 1050 676 ceu·

70 693 174 756 turine.
214 693 273 754 Sex
283 695 353 756 item
362 695 440 756 ¹relius
454 691 602 756 centense
614 693 706 754 tribus
718 695 754 754 ab
765 694 892 754 Romulo
902 695 1049 756 institutis

70 774 125 836 sub
138 771 252 840 iisdem.
266 773 370 852 quibus
388 773 455 834 ineu
498 777 577 832 retae-
589 778 685 840 eraut,
698 773 864 834 nominibus
877 771 957 833 lecit.
998 773 1049 834 nd

71 868 163 928 equos
176 853 317 920 emendus
330 850 408 912 dena
421 853 459 912 mi
475 850 513 912 lis
529 849 597 912 aeris
609 869 645 910 ex
659 851 775 930 publico
788 847 876 922 deto;
889 856 929 921 et,
940 851 1049 942 quibus

72 945 164 1006 equos
177 929 302 1001 alerent,
314 929 412 992 viduae
428 929 588 1000 attributae,
600 947 669 1008 quae
681 929 752 990 bina
764 929 857 990 millis
871 929 938 997 aeris
952 949 983 990 ru
997 949 1050 990 en·

71 1023 126 1070 nos
139 1005 268 1088 singulos
281 1008 456 1090 penderent.
497 1009 574 1068 llaec
588 1007 686 1068 omnis
698 1007 729 1067 in
743 1007 821 1068 dites
843 1007 1050 1088 eipeuperibus

70 1081 321 1149 inclineteonere.
346 1087 463 1148 Deinde
469 1092 517 1147 est
529 1087 621 1148 honos
639 1085 775 1156 edditusr
786 1086 856 1154 {nou
869 1085 947 1147 enim
960 1085 1006 1166 (ut
1013 1087 1051 1146 eb

70 1159 1049 1244 RomulotmditumceterieervevemntReges)viritimsunregium

70 1245 109 1300 et
117 1241 185 1300 dem
197 1241 225 1299 ui
237 1244 400 1322 eodemque
409 1247 477 1321 jure
487 1241 650 1322 promiscue
659 1240 793 1302 omnibus
804 1243 907 1303 dutum
919 1247 965 1303 est
975 1261 983 1310 3
995 1239 1047 1300 sed

71 1317 180 1398 gradus
194 1317 275 1389 iacti,
294 1325 328 1382 ut
348 1340 444 1399 neque
458 1319 595 1392 exclusus
608 1319 765 1400 quisquam
778 1319 917 1402 suffragio
936 1319 1050 1378 ridere·

69 1405 129 1465 tur,
142 1403 173 1456 et
193 1397 238 1456 vis
258 1397 353 1458 omnis
376 1418 469 1478 penes
490 1398 632 1478 primores
652 1396 783 1458 civitatis
797 1405 886 1460 esset
924 1396 1049 1476 Equites

70 1474 151 1534 enim
164 1476 345 1540 vocabantur
366 1479 470 1558 prumi3
491 1475 640 1556 octogiuta
660 1474 730 1538 inde
744 1473 848 1556 primae
862 1475 968 1538 classis
982 1495 1051 1536 cen·

70 1551 175 1624 turiae3
196 1553 236 1615 ibi
250 1553 275 1614 si
289 1555 513 1633 variaret„quod
525 1554 591 1614 rard
604 1553 765 1628 incidebat,
777 1559 811 1614 ut
824 1555 964 1617 secuudae
976 1554 1051 1616 cles·

16 1631 28 1646 “
71 1630 113 1688 sis
134 1638 325 1704 vocarentur3
345 1651 401 1694 nec
423 1632 484 1693 lere
502 1651 633 1710 unquam
651 1631 730 1691 infrei
753 1632 796 1692 its
821 1631 1050 1704 descenderent,

71 1715 105 1772 ut
121 1709 158 1770 ad
180 1709 296 1770 intimos
318 1711 513 1791 peruenirent.
553 1711 620 1772 Nec
633 1709 733 1770 mirari
746 1717 870 1792 oportet,
881 1711 960 1771 hunc
973 1707 1051 1772 ordi·
1111 1747 1113 1750 -

70 1805 147 1858 nem,
162 1787 213 1866 qui
226 1807 307 1848 nunc
320 1796 375 1860 est,
387 1796 455 1870 post
466 1787 600 1870 expletos
613 1788 744 1880 quinque
756 1795 790 1849 et
801 1789 923 1870 triginta
945 1787 1051 1869 tribus,

71 1864 224 1945 duplicato
236 1887 337 1929 eremum
358 1887 489 1938 nurnero,
509 1867 650 1928 centurius
663 1867 814 1946 juniorum
834 1857 1052 1943 seiriorumque,

72 1944 109 2005 ad
124 1943 290 2005 institutam
304 1948 340 2005 ab
358 1947 420 2008 Ser.
433 1945 536 2006 Tullio
550 1965 693 2006 summam
707 1965 765 2004 nou
780 1943 957 2004 convenire:
973 1961 1051 2018 qua·

72 2019 223 2082 drileriarn
237 2023 314 2082 enim
329 2023 400 2082 urbe
414 2024 510 2095 divisit
522 2023 687 2102 regionibus
705 2019 898 2098 collibusque,
918 2036 986 2096 quae
1000 2018 1050 2078 he-

70 2099 239 2177 litabantur
251 2106 361 2179 partes,
373 2101 481 2163 Tribus
495 2119 545 2160 eus
559 2098 719 2179 appellavit
728 2118 745 2178 ;¹
756 2104 791 2156 ut
799 2117 855 2178 ego
868 2095 1001 2166 arbitror,
1013 2097 1050 2156 ab
1098 2105 1102 2114 '

71 2176 182 2238 tributo
190 2197 199 2246 ;
222 2197 288 2236 uam
304 2179 367 2258 ejus
381 2195 498 2258 quoque
513 2177 668 2258 aequoliter
677 2176 819 2252 escensu
833 2175 1051 2237 conferendieb

73 2254 175 2316 eodem
200 2253 275 2318 inite
292 2255 367 2316 ratio
387 2262 442 2316 est.
479 2255 588 2336 Neque
608 2255 655 2314 hae
679 2254 773 2316 tribus
793 2255 833 2314 ed
851 2253 1051 2324 centuriarum

74 2331 310 2395 distributionem
324 2339 536 2414 numerumque
546 2333 704 2416 quicquam
717 2333 895 2414 pertinuere.
1100 2379 1102 2386 .

113 2411 225 2472 XLIV.
252 2413 351 2483 Censu
375 2413 518 2492 perlecto,
536 2432 624 2492 quem
649 2419 847 2472 maturaverat
865 2419 951 2472 metu
977 2411 1051 2500 legis

74 2488 109 2548 dr
126 2489 257 2550 incensis
277 2491 347 2550 latae
362 2510 430 2550 cum
442 2491 627 2550 vinculorum
648 2489 736 2549 ruinis
750 2489 922 2566 mortisque,
942 2487 1052 2557 edixit,

74 2571 109 2625 ut
122 2587 223 2626 omres
238 2567 317 2638 cives
333 2565 468 2636 Romani,
482 2567 597 2644 equites
610 2565 792 2643 peditesque,
804 2564 836 2622 in
850 2565 911 2624 suis
923 2564 1050 2642 quisque

76 2643 226 2711 centuriis,
244 2643 272 2702 in
294 2641 526 2721 cempoMertio
546 2643 642 2721 primi
663 2643 730 2700 luce
753 2639 901 2700 adessent.
941 2641 986 2779 [pi
1006 2641 1051 2700 in·
1124 2646 1133 2669 ³
1190 2706 1192 2715 Ι

74 2721 219 2780 'structum
241 2719 400 2780 exercitum
425 2738 541 2779 omnem
566 2717 809 2783 suovetaurilibus
833 2717 1052 2790 lustrav13id·

12 2819 17 2831 2
75 2817 134 2934 que
148 2795 298 2858 conditum
320 2798 443 2856 lustrum
465 2795 658 2888 appellatum,
681 2797 751 2874 quia
770 2794 797 2856 is
815 2797 965 2858 censendo
980 2794 1052 2858 linis

89 2883 172 2936 ectus
185 2881 240 2936 est.
278 2875 377 2936 Millia
401 2881 550 2950 octogiuta
562 2895 597 2934 eo
609 2875 703 2935 lustro
722 2873 936 2941 civium‘censa
949 2876 1053 2939 dicun·

75 2957 133 3034 tur.
174 2950 287 3032 Adjicit
301 2953 474 3032 scriptorum
499 2952 720 3032 antiquissimus
745 2952 985 3024 Fabius'Pictor,
1005 2975 1053 3015 eo-

75 3049 152 3100 rum,
165 3031 216 3109 qui
227 3031 303 3092 ferre
316 3051 397 3094 enno
409 3039 539 3112 possent,
553 3051 619 3094 eum
628 3051 782 3094 numerum
793 3031 894 3093 luisse.
927 3033 977 3092 Ad
987 3052 1052 3092 eom
1068 3045 1073 3048 ·

75 3107 297 3170 multitudinem
318 3112 385 3169 urbs
398 3115 523 3190 'quoque
547 3109 754 3190 aurplificenda
777 3111 840 3171 vise
862 3115 915 3184 est,
955 3108 1054 3168 Addit

77 3186 150 3245 duos
164 3187 264 3255 colles,
283 3187 463 3260 Quirinalem
486 3187 721 3265 Viminelem'que
732 3207 741 3258 ;
761 3186 831 3247 iude
851 3187 990 3266 deinceps
1003 3204 1053 3244 au·

74 3271 127 3346 get
140 3264 305 3343 Esquilies3
318 3265 414 3342 ibique
423 3263 844 3346 ipse,utlocodiqnitasfieret‚
853 3265 972 3324 habitet.
992 3263 1053 3342 Age

75 3363 145 3422 gere
157 3348 190 3407 et
202 3343 290 3402 fossis
302 3351 334 3402 et
342 3360 425 3400 muro
433 3341 700 3402 circumdaturbem
712 3341 771 3410 3ila
781 3341 965 3420 pomoerium,
974 3339 1053 3418 prof·
1078 3413 1079 3420 ἵ
1189 3384 1193 3392 .

76 3417 344 3488 ert.chmoeriurn,
354 3418 435 3478 verbi
445 3419 503 3493 vim
519 3418 609 3477 solem
624 3417 783 3486 intuentes,
795 3415 995 3498 postmoeriom
1006 3419 1054 3478 in-

75 3504 361 3577 terpretanturesse.
382 3495 541 3562 Esteutem
551 3495 1052 3576 magisrircamurumlocusquem

77 3575 107 3636 iu
121 3577 285 3644 condendis
297 3574 415 3648 qrbibus
428 3574 574 3652 quondam
588 3573 789 3651 Etruscique
807 3593 921 3635 murum
935 3574 1054 3653 ducturi

75 3661 169 3734 crept,
190 3657 279 3726 certis
289 3652 369 3724 circei
381 3651 515 3738 terminis
528 3651 701 3737 inaugurati
715 3654 926 3744 cousecrobapt
933 3674 943 3732 ξ
955 3660 990 3718 ut
1001 3673 1053 3742 neg·
